3050 4760
266 1701 271 1706 ¹
386 1610 423 1678 h.
440 1609 462 1681 l.
480 1609 605 1704 legisse
621 1604 787 1675 videtur:
811 1623 876 1694 τοῖς
891 1619 973 1710 lep,
991 1622 1071 1684 ὥστ.
1088 1619 1142 1699 lu,
1155 1619 1191 1686 τὸ
1211 1619 1240 1686 ἓν
1255 1621 1382 1714 ἀγαθόν.

750 329 754 337 '
834 377 932 454 to>

384 520 598 618 εὐλαὸοιίμιιοι
610 521 752 596 ἀληθινὴν
767 512 943 615 δυσχέρειαν
953 524 971 598 ἢ
983 517 1140 614 cupierint
1155 532 1220 604 τοῖς
1229 531 1388 621 λέγουσιν,

321 697 326 705 ι
383 657 486 740 ὥσπερ
501 651 592 730 ἔνιοι,
607 647 645 713 τὸ
656 643 690 711 -ἓν
710 645 818 738 ἀρχήν.
830 629 910 713 lium
924 637 983 720 ael’il
997 638 1156 740 δυσχέρεια
1173 653 1209 716 οὐ
1225 642 1279 718 ld
1294 659 1331 720 τὸ
1346 668 1386 750 τῇ

383 765 463 868 ἀρχῇ
475 772 513 838 τὸ
525 769 556 836 εὖ
570 759 757 836 ἀποδιδόναι
775 773 815 846 ὡς
823 769 972 861 ὑπάρχον,
983 764 1064 835 ἀλλὰ
1079 761 1131 836 διὰ
1147 773 1184 838 τὸ
1200 774 1238 838 τὸ
1253 773 1283 840 ἓν
1291 777 1385 868 ἀρχὴν

385 920 425 992 ὡς
446 916 596 1002 στοιχεῖον
616 903 668 975 καὶ
690 908 743 974 τὸν
765 907 899 999 ἀριθμὸν·
913 911 948 974 ἐκ
964 919 1019 975 τοῦ
1043 909 1119 987 ἑνός.
1142 907 1316 1006 Tlteologi
1336 910 1386 979 illi

386 1047 488 1121 sunt,
519 1044 562 1101 ut
587 1028 761 1115 viduum,
789 1031 817 1097 οἱ
848 1032 916 1125 περὶ
932 1035 1155 1117 ·Σπεύσιππον;
1176 1035 1264 1102 istos
1292 1036 1384 1114 ἐνίους

385 1179 463 1227 esse
481 1158 552 1237 τοὺς
572 1156 639 1250 περὶ
660 1154 818 1222 Πλάτωνα
833 1167 942 1240 ‚quos
958 1142 1007 1212 illi
1024 1167 1206 1242 excepere,
1221 1147 1386 1219 manifes-

385 1284 466 1339 tum
484 1282 549 1339 est.
562 1267 667 1337 *Plato
683 1269 807 1356 Unum
828 1271 1047 1361 Bonumque
1061 1265 1156 1336 idem
1174 1291 1250 1338 esse
1266 1293 1386 1340 cense-

383 1382 465 1455 bat:
483 1370 706 1480 Speusippus
732 1385 875 1448 Bonum
900 1377 947 1448 ab
979 1383 1059 1449 Uno
1085 1378 1248 1450 detraxit.
1266 1386 1385 1477 Igitur

290 1545 299 1564 .
386 1494 580 1592 legendum
614 1516 692 1564 esse
731 1490 970 1578 crediderim,
1003 1506 1045 1562 ut
1079 1491 1302 1590 Philoponus
1340 1496 1384 1566 ad

388 1733 463 1803 Nisi
475 1726 568 1799 lorte
582 1731 631 1798 ita
645 1727 820 1824 intelligas
834 1756 843 1797 ε
857 1731 929 1798 «iis
952 1733 1016 1825 qui
1029 1753 1074 1800 co
1090 1729 1199 1800 modo
1216 1755 1291 1826 quo
1307 1734 1385 1827 qui-

386 1837 472 1918 dam
489 1845 639 1940 (scilicet
663 1843 778 1938 Plato)
797 1849 921 1914 Unum
950 1848 1169 1942 principium
1196 1869 1272 1915 esse
1290 1851 1384 1917 acci·

386 1968 545 2066 piebant,
560 1997 577 2032 s
591 1966 628 2038 id
646 1979 710 2054 est,
728 1979 909 2062 quatenus
925 1964 1078 2050 bonum,
1095 1976 1135 2048 ὡς
1152 1971 1265 2063 ἀγαθὸν
1284 1973 1328 2040 ὅν.

858 2268 918 2334 lv.
983 2323 987 2328 .

386 2607 389 2612 -
439 2589 468 2633 ι.
497 2563 589 2631 Ecce
623 2573 746 2629 autem
777 2561 867 2631 alter
901 2562 947 2632 de
979 2567 1183 2660 Speusippo
1219 2565 1386 2638 classicus

384 2675 505 2767 locus,
538 2699 616 2772 quo
650 2679 774 2746 Unum
809 2675 855 2746 ab
883 2701 927 2747 eo
957 2680 996 2746 in
1029 2677 1135 2748 bonis
1165 2679 1385 2751 collocatum

384 2790 494 2870 fuisse
525 2791 683 2863 declarat
713 2792 933 2862 Aristoteles.
967 2792 1108 2866 Scilicet
1137 2797 1255 2868 Etlu‘c.
1283 2799 1388 2864 Nico.

279 3003 281 3006 Ι
386 2911 502 2986 macla.
517 2907 540 2978 l.
564 2909 594 2990 Ι,
611 2929 641 2974 c.
658 2908 692 2992 ίι,
707 2893 902 3000 postquam
923 2904 1141 3001 platonicam
1157 2914 1247 2980 Boni
1268 2908 1387 2980 ideam

384 3021 635 3123 impugnavit,
656 3016 823 3122 ,subjicit
850 3045 857 3086 :
889 3030 1102 3123 Πιθανώτερον
1133 3027 1163 3102 δ’
1189 3031 1318 3103 ἐοίκασιν
1358 3031 1386 3100 οἱ

384 3154 585 3248 Πυθαγόρειοι
598 3153 695 3247 λέγειν
710 3153 779 3244 περὶ
798 3157 906 3236 αὐτοῦ,
926 3152 1057 3232 τιθέντες
1079 3163 1109 3224 ἐν
1128 3170 1167 3252 τῇ
1183 3165 1245 3225 τῶν
1263 3157 1385 3251 ἀγαθῶν

386 3276 548 3370 συστοιχίᾳ
558 3277 595 3343 τὸ
608 3278 650 3342 ἓν·
662 3273 705 3353 οἷς
713 3267 751 3350 δὴ
767 3274 819 3342 καὶ
831 3276 1024 3354 Σπεύσιππος
1033 3281 1279 3354 ἐπακολουθῆσαι
1290 3272 1384 3348 δοκεῖ.

385 3394 470 3480 Quo
481 3403 602 3459 autem
610 3402 728 3484 pacto,
736 3391 766 3456 si
774 3385 1050 3483 Pythagoricum
1062 3392 1151 3463 illud
1161 3408 1196 3464 et
1212 3397 1261 3489 Sp
1270 3396 1388 3488 eusip-

384 3526 503 3601 paeum
520 3506 641 3596 'Unum
661 3524 681 3569 a
698 3498 797 3569 bono
813 3499 969 3573 alienum
989 3520 1062 3592 est,
1081 3521 1171 3577 teste
1189 3505 1385 3578 Aristotele

385 3624 422 3687 in
439 3614 711 3712 Metaphysicis‚
731 3638 830 3684 nunc
850 3615 1084 3690 inhonorum
1097 3620 1240 3708 ordine,
1257 3619 1387 3690 eodem

384 3729 576 3804 Aristotele
600 3743 707 3816 teste,
729 3727 995 3803 collocabatur?
1026 3739 1151 3805 Paucis
1179 3759 1255 3804 rem
1283 3757 1390 3830 expe-

386 3847 536 3916 diemns.
