3050 4760
500 478 502 482 ’
592 471 600 546 (
623 472 689 547 ³⁹)

204 599 306 690 ¹Quid
318 602 544 698 Speusippus
566 620 631 699 per
646 603 1027 699 quastnultitudnem
1048 605 1151 676 intel·

155 713 287 812 lexerit
298 739 372 784 non
383 712 565 786 definitur.
576 720 670 788 Cum
686 731 810 790 autem
828 732 1058 822 magnumst
1071 743 1152 816 par-

154 861 261 925 vum,
276 851 317 920 nt
336 837 512 929 diximus,
536 842 679 938 μεγέθους
694 845 840 939 propria
856 863 933 910 esse
956 844 1150 927 censuerit,

155 950 430 1022 multitudinem
455 967 578 1024 autem
600 954 831 1048 multumque
850 966 887 1024 et
904 975 1061 1050 paucum
1082 977 1151 1024 nu·

155 1067 262 1147 meri,
282 1064 373 1135 nihil
393 1065 490 1136 aliud
510 1070 543 1137 ei
557 1063 667 1138 fuisse
681 1064 1095 1163 quasi-multitudinem,
1108 1090 1161 1173 en¹

155 1201 228 1273 qua
243 1192 389 1248 extensa
403 1178 583 1267 educeret,
599 1205 711 1276 quam
725 1177 1011 1276 magnitudinem
1025 1181 1150 1276 ipsam,

46 1286 47 1289 '
155 1294 228 1362 sive
251 1317 424 1388 magnum
442 1318 687 1390 parvumque,
704 1308 844 1364 certum
862 1309 926 1364 est.

205 1408 238 1490 d.
258 1409 493 1504 Speusippus,
503 1411 764 1503 magistrumin
776 1432 820 1478 eo
830 1424 992 1493 secutus,
1012 1412 1150 1504 magni-

156 1517 325 1589 tudinum
349 1523 535 1591 materiam
564 1546 583 1592 e
614 1523 735 1617 magni
764 1525 938 1619 parvique
965 1521 1153 1619 speciebus

158 1629 301 1702 videtur
314 1625 460 1731 petiisse
473 1661 481 1703 ε
496 1658 516 1703 e
533 1634 644 1730 longo
657 1649 693 1705 et
706 1635 825 1724 brevi,
843 1631 917 1706 lato
932 1650 968 1706 et
986 1650 1152 1731 angusto,

155 1743 229 1816 aito
249 1761 284 1816 et
302 1746 451 1836 humili,
469 1745 1047 1847 lineam,superficiem,solidum
1066 1749 1153 1818 edu·

157 1877 252 1930 cens.
272 1861 478 1932 Platonicos
504 1867 600 1932 enim
624 1859 669 1932 de
689 1860 831 1933 formali
848 1875 992 1932 tantum
1015 1867 1153 1958 magni·

155 1972 325 2044 tudinum
344 1999 450 2046 causa
470 1974 689 2062 dissensisse,
708 1975 753 2047 de
768 1981 915 2046 materia
932 1990 1054 2046 autem
1070 2001 1156 2046 con·

156 2093 309 2158 sensisse
325 2088 503 2185 significat
524 2091 731 2161 Aristoteles
754 2095 837 2160 Met.
851 2093 956 2177 XIII,
970 2113 1004 2184 9,
1019 2113 1051 2187 p.
1070 2089 1154 2178 283,

154 2215 179 2286 l·
197 2223 264 2272 12³
291 2211 332 2280 Oi
357 2212 492 2310 μὲνγὰρ
525 2215 560 2282 ἐκ
586 2221 650 2281 τῶν
676 2205 766 2280 εἱδῶν
786 2219 842 2281 τοῦ
865 2213 998 2307 ptyadas
1025 2214 1154 2282 καὶτοῦ

157 2351 312 2435 ptumi...
331 2339 395 2413 Τὴν
419 2332 454 2406 δὲ
481 2335 564 2406 κατὰ
583 2339 621 2405 τὸ
640 2335 670 2404 iv
690 2331 787 2430 οἷ’ρχήν
807 2331 895 2403 ἄλλοι
918 2329 1018 2415 ἄλλως
1040 2335 1155 2405 τιθέασι

157 2472 220 2530 τῶν
237 2461 397 2530 τοιούτων.

208 2570 246 2644 5.'
262 2577 424 2662 Verum,
453 2593 535 2644 cum
559 2571 682 2660 Plato,
699 2587 741 2642 ut
760 2574 921 2645 numeris
940 2569 1157 2667 magnitudi-

157 2712 261 2775 nem,
280 2689 331 2756 ita
356 2685 440 2756 alias
462 2685 539 2756 aliis
563 2689 686 2780 magni
708 2691 882 2781 parvique
904 2689 1042 2784 species
1068 2683 1154 2753 sub·

157 2800 328 2885 didisset,
356 2803 578 2898 Speusippus
604 2813 731 2869 contra
757 2799 851 2869 aliud
870 2824 983 2896 genus
1003 2799 1155 2892 longum

157 2929 194 2986 et
210 2915 340 2998 breve,
364 2911 459 2983 aliud
481 2913 594 2984 latum
621 2927 658 2983 et
681 2926 893 3009 angustum,
918 2911 1016 2986 aliud
1040 2911 1152 2982 altum

157 3043 194 3099 et
210 3026 348 3098 humile
367 3041 478 3115 ratus,
493 3027 561 3098 alia
578 3026 623 3097 ab
641 3025 717 3095 aliis
734 3025 894 3098 dissolvit
914 3041 1022 3123 atque
1034 3041 1156 3121 'segre-

157 3147 264 3238 gavit.
282 3145 332 3212 Ut
357 3145 453 3211 enim
471 3165 545 3210 non
559 3138 799 3235 magnitudini
826 3142 984 3212 multum
1011 3153 1048 3211 et
1067 3162 1156 3236 pau·
1220 3181 1222 3188 ι

158 3277 255 3343 cum,
275 3258 326 3326 sic
347 3279 466 3350 neque
490 3252 605 3324 ullum
622 3253 684 3323 ulli
708 3255 827 3349 magni
842 3258 1017 3353 parvique
1034 3254 1156 3349 generi

157 3391 270 3464 genus
300 3372 416 3438 inesse
449 3367 551 3437 vidit.
576 3366 682 3437 Unde
710 3365 784 3436 fere
807 3366 1043 3438 Aristoteles:
1067 3364 1158 3436 male

158 3479 306 3575 quidem
322 3479 441 3565 Plato,
464 3503 539 3550 non
558 3493 678 3550 autem
702 3478 818 3549 multo
840 3480 967 3550 melius
990 3481 1160 3578 Speusip·

157 3617 237 3690 pus.
252 3597 288 3664 Si
306 3598 403 3664 enim
417 3592 712 3687 magnitudinum
731 3597 908 3692 principia
924 3593 961 3663 in
977 3594 1053 3664 aliis
1072 3594 1157 3679 alia,

133 3722 200 3810 ,ut
216 3731 329 3804 genus
343 3713 380 3778 in
394 3710 527 3803 specie,
543 3707 625 3795 sint,
646 3721 753 3778 erunt
771 3707 919 3778 aliarum
935 3707 1009 3776 aliae
1028 3729 1159 3802 genera

159 3817 426 3916 magnitudines
439 3834 476 3890 et
495 3824 594 3917 ipsae3
614 3843 745 3919 nempe
764 3823 794 3892 si
813 3819 926 3891 latum
942 3818 1005 3888 alti
1031 3841 1157 3914 genus,

159 3932 315 4004 solidum
332 3931 541 4034 superficies
553 3933 717 4029 quaedam
733 3931 992 4022 erit.Contra,si
1003 3951 1077 4001 non
1092 3930 1156 4001 alia
