3050 4760
609 439 617 514 l
642 449 674 498 ¹¹
699 440 707 514 l

163 581 322 662 utroque
349 567 469 640 modo.
493 569 610 642 Habet
634 574 731 641 enim
766 575 946 641 exercitus
970 575 1007 641 in
1029 570 1159 642 ordine

162 705 229 754 suo
253 681 412 773 bonum,
429 682 491 754 sed
514 689 621 757 etiam
652 711 693 758 ac
718 686 834 758 multo
855 689 967 783 magis
988 689 1025 756 in
1047 686 1159 778 duee,

161 820 228 893 per
244 820 356 891 quem
371 797 462 868 ordo
480 814 551 887 est,
571 825 645 871 non
662 815 784 872 autern
798 823 864 898 per
877 799 1043 871 ordinem
1060 800 1159 872 dux:

160 911 375 990 Επιοκιπτίον
403 915 513 994 δὲκαὶ
540 931 679 1018 ποτέρως
704 929 766 1019 ἔχει
793 933 812 1001 ἡ
842 935 899 994 τοῦ
921 929 994 994 dhon
1014 930 1100 1020 φύσις
1122 927 1160 996 τὸ

163 1043 277 1137 ἀγαθὸν
296 1044 350 1111 καὶ
367 1047 402 1113 τὸ
418 1042 557 1142 ἄριστον,
573 1049 704 1142 πότερον
730 1051 950 1141 κεχωρισμένον
969 1075 1002 1116 τι
1017 1048 1069 1116 καὶ
1084 1050 1164 1118 αὐτὸ·

163 1167 232 1232 καθ’
251 1168 346 1254 αὐτὸ,
367 1169 386 1244 ἢ
411 1170 467 1244 τὴν
491 1165 629 1256 adfini]
655 1172 836 1264 ἀμφοτέρως
850 1175 950 1262 ὥσπερ
972 1181 1160 1264 στρατεῢμα.

163 1289 227 1356 Καὶ
245 1288 302 1384 γὰρ
328 1295 357 1358 ἐν
378 1301 416 1386 τῇ
434 1287 518 1372 τάξει
545 1295 581 1362 τὸ
602 1290 633 1361 εὖ
656 1295 708 1361 καὶ
725 1299 741 1360 ό
762 1293 955 1387 στρᾶτηγος,
976 1294 1027 1361 καὶ
1044 1281 1160 1386 μᾶλλον

167 1409 270 1490 οὗτος·
287 1411 393 1509 οὐγὰρ
414 1415 504 1498 οὗτος
521 1409 575 1484 διὰ
593 1421 647 1492 τὴν
668 1409 769 1502 τοίξιν,
782 1415 851 1484 ἀλλ’
866 1416 961 1490 ἐκείνη
981 1409 1034 1483 διὰ
1051 1417 1162 1486 τοῦτόν

165 1537 259 1603 ἐστιν.
269 1527 373 1598 Unde
387 1531 424 1597 in
434 1531 615 1626 principio
632 1525 1057 1624 mundisupramundano
1067 1552 1164 1598 sum·

164 1669 266 1714 mum
302 1641 431 1713 mundi
461 1645 574 1740 ipsius
608 1641 767 1730 bonum3
800 1641 902 1738 quod
932 1645 1159 1740 Speusippus

163 1783 239 1828 non
258 1769 427 1828 senserat.

211 1873 407 1955 Caeterum,
443 1891 486 1938 eo
516 1891 626 1962 quem
658 1883 743 1937 ante
782 1866 1042 1964 descripsimus
1080 1865 1163 1936 libri
1212 1902 1221 1913 ·

163 1981 417 2081 quartidecimi
444 1979 544 2066 loco,
570 1983 815 2078 Speusippum
841 1979 1051 2051 Aristoteles
1076 2003 1160 2050 cum

164 2097 345 2191 theologis
371 2094 439 2165 illis
464 2091 697 2192 physicisque
720 2098 844 2191 ponit,
863 2093 999 2190 quibus
1021 2119 1061 2165 ea
1081 2119 1161 2190 quae

164 2226 249 2282 sunt
271 2236 291 2281 e
309 2207 423 2280 nihilo
440 2205 617 2307 prodiisse
638 2195 832 2307 placuerat.
849 2209 930 2282 Non
951 2211 1046 2280 enirn
1067 2206 1164 2280 aliud

165 2350 242 2397 esse
267 2328 297 2394 si
326 2349 381 2394 res
408 2349 451 2393 ex
469 2325 586 2394 Nocte
609 2338 645 2395 et
662 2324 784 2415 chao,
799 2349 911 2420 quam
938 2328 967 2394 si
986 2349 1030 2395 ex
1052 2323 1164 2394 nihilo

165 2439 383 2526 educantur,
416 2442 498 2506 Met.
533 2440 619 2528 ΧΙΙ,
655 2463 688 2533 7,
719 2461 752 2534 p.
791 2441 875 2535 247,
905 2437 928 2508 l.
960 2436 1031 2508 26:
1065 2455 1169 2520 ...aa

164 2572 272 2650 νυκτὸς
357 2567 407 2638 καὶ
430 2577 507 2663 ὁμοῦ
526 2569 650 2638 πάντων
672 2569 724 2637 καὶ
739 2573 773 2638 εἰι
791 2575 834 2663 pal
854 2571 953 2649 ὄντος.

215 2710 248 2752 2.
264 2685 368 2771 Quia
403 2695 525 2751 autem
552 2705 572 2749 e
588 2678 703 2748 nihilo
721 2679 821 2776 quod
845 2680 945 2752 nullo
963 2680 1073 2753 modo
1092 2697 1168 2772 est,
1220 2718 1223 2727 v

166 2791 257 2863 nihil
277 2795 430 2863 omnino
452 2804 535 2858 actu
557 2785 617 2873 fit,
638 2793 705 2858 nisi
725 2803 867 2885 poterat
886 2815 981 2878 esse,
997 2790 1092 2862 idem
1111 2806 1164 2865 est

167 2929 187 2978 e
211 2904 345 2994 nihilo,
364 2927 384 2973 e
400 2903 517 2990 Chao,
537 2928 556 2973 e
575 2906 705 2991 Nocte,
723 2925 742 2972 e
757 2904 893 2974 semine
910 2902 1058 2974 informi
1076 2904 1166 2976 edu·

165 3043 247 3091 cere
270 3043 344 3103 res,
366 3043 407 3089 ac
431 3024 632 3115 potentiam
662 3031 745 3089 ante
769 3032 891 3088 actum
920 3017 1030 3090 fuisse
1051 3022 1163 3116 signi·-

163 3132 281 3204 ficare.
317 3135 411 3228 Ergo
448 3146 482 3201 et
514 3135 759 3230 Speusippum
789 3134 1018 3222 Aristoteles,
1050 3136 1160 3204 etiam

165 3269 249 3318 curn
284 3267 419 3316 nomen
451 3269 552 3318 more
582 3271 649 3316 suo
677 3249 831 3335 omittit,
863 3251 906 3316 iis
946 3261 1162 3319 annumerat

167 3396 263 3467 quos
286 3373 444 3467 θεολόγοις
464 3374 536 3452 τοὺς
552 3374 587 3439 ἐκ
602 3375 709 3452 νυκτὸς
729 3381 897 3467 γεννῶντας
919 3351 1039 3459 vocat,
1055 3395 1163 3467 quos·

166 3509 239 3582 qne
267 3484 316 3555 oh
350 3487 589 3579 antepositam
619 3488 715 3554 actui
753 3490 953 3581 potentiam
993 3484 1161 3583 pluribus

167 3601 255 3671 locis
302 3601 470 3694 exagitat3
515 3601 679 3694 inprimis
723 3614 846 3671 antem
880 3607 963 3671 Met.
996 3603 1082 3690 XII,
1117 3598 1159 3687 6,

167 3739 204 3812 p.
227 3711 314 3800 246,
335 3712 357 3781 l.
378 3711 511 3800 20·303
533 3737 566 3808 p.
588 3717 670 3808 ad7‚
689 3713 711 3784 l.
738 3714 789 3784 13.

219 3831 313 3915 Imo,
334 3851 451 3923 quum
469 3830 651 3898 neminem
678 3827 787 3898 alium
803 3852 889 3899 cum
909 3830 1112 3930 Speusippo
1122 3827 1161 3902 in
