3050 4760
614 433 712 508 (2³)
807 421 810 431 ’

174 568 284 633 vitam
331 585 416 631 saue
463 573 499 632 e't
543 587 659 632 aevrrm
691 567 788 638 Deus
832 564 941 638 habet
994 574 1168 643 continua
1287 573 1288 578 ’
1385 629 1391 638 .

170 681 375 772 {eternaque
396 673 464 768 (est
493 677 590 745 euim
613 674 698 774 illud
717 677 851 773 Deus);
870 683 1106 776 qui-autem,-
1127 700 1169 755 ut

172 789 409 886 Pythagorici!
426 801 462 858 et
486 790 707 888 Speusippus
731 794 1168 894 imprimis,Deo.ueque

171 926 355 975 summam
390 901 716 999 pulchritudinem·
735 929 855 1001 neque
884 932 1071 982 summum
1100 911 1167 984 ho·

130 1059 133 1066 Δ
173 1043 287 1108 nuru,
313 1028 350 1094 τὸ
381 1023 526 1120 ἄριστον,
557 1012 674 1090 inesse
700 1033 848 1116 putant,
882 1045 902 1091 a
936 1047 1023 1094 vero
1063 1023 1166 1096 aber·

172 1151 271 1224 rant,
282 1152 357 1208 etc.
374 1169 391 1204 »
404 1138 458 1235 (1)
476 1135 583 1232 Quod
602 1138 638 1205 si
649 1131 847 1204 verborum
865 1137 940 1221 viu,
966 1141 1165 1233 praesertim

172 1258 208 1328 iu
230 1262 290 1329 καὶ
312 1257 372 1342 ζωὴ
397 1257 440 1330 δέ
466 1287 526 1357 γε,
542 1281 584 1328 ac
606 1259 703 1352 φαμὲν
726 1249 779 1340 δὲ,
800 1271 965 1328 accurate
991 1259 1168 1355 expeuda-

170 1384 241 1459 tur,
254 1387 290 1443 et
301 1376 476 1445 orationis
490 1370 582 1444 ordo
592 1385 629 1440 et
642 1372 750 1442 series
759 1370 978 1459 attendatur,
987 1385 1087 1444 totus
1101 1377 1168 1444 iste

170 1485 271 1556 locus
293 1512 369 1583 quo
395 1500 501 1586 pacto
523 1485 627 1557 aliter
644 1483 795 1582 intelligi
815 1489 929 1590 possit
952 1509 1027 1556 uon
1049 1485 1167 1558 video.

218 1602 283 1669 Hic
307 1601 427 1696 igitur,
459 1596 732 1672 noudebuisse
768 1621 789 1668 a
818 1601 1023 1696 Speusippo
1052 1603 1165 1670 vitam

167 1715 288 1807 primo
303 1716 483 1814 priucipio
503 1711 621 1784 tribui
636 1709 817 1808 siguificat
836 1713 1056 1820 Aristoteles,
1078 1717 1166 1810 quia
1243 1777 1246 1785 .

167 1825 305 1898 scilicet
327 1829 471 1898 nonnisi
489 1829 526 1895 in
546 1829 715 1896 uctuvita
735 1837 808 1911 est,
830 1827 868 1894 iu
895 1829 1025 1896 mentis
1042 1841 1164 1898 autem

166 1955 251 2011 actu
264 1942 446 2014 verissima
465 1942 556 2028 vita,
571 1963 656 2010 cum
679 1962 825 2009 summo
842 1936 942 2010 bouo
958 1941 1163 2035 conjuncta.

216 2058 311 2150 Ergo
326 2077 399 2125 unu
418 2051 619 2150 eademque
638 2055 855 2130 etcontiuua
865 2053 1070 2142 Aristotelis
1083 2078 1165 2127 ora-

160 2172 218 2261 [tio
256 2181 331 2258 est,
365 2192 445 2264 quae
470 2166 687 2239 duodecimo
717 2170 917 2264 praesertim
950 2165 1045 2238 libro
1079 2191 1162 2265 per·

164 2286 306 2379 agitur:
324 2285 484 2379 primum
516 2305 638 2352 rerum
670 2283 893 2378 principium
915 2295 1038 2352 actum
1065 2306 1163 2366 esse,

165 2411 286 2466 actum
316 2409 438 2466 autem
474 2402 624 2485 mentis3
647 2410 726 2466 tum
754 2399 792 2465 iu
817 2399 948 2466 mentis
974 2411 1059 2468 actu
1083 2399 1162 2467 vitae

165 2492 640 2606 perfectionem‚summum
660 2507 803 2580 bonum
822 2533 1079 2606 summamque
1097 2535 1160 2581 vo·

164 2623 338 2721 inputem
358 2628 554 2710 contineri3
570 2622 677 2693 simul
691 2636 903 2720 perpetuam
919 2627 1156 2722 Speusippaeae

163 2735 399 2833 philosophiae
416 2735 737 2834 reprehensionem
757 2758 831 2804 una
847 2735 907 2804 iila
926 2750 961 2805 et
979 2749 1155 2833 perpetua

161 2852 278 2922 oratio
297 2847 491 2945 complecti
513 2847 668 2919 videtur.

212 2961 244 3032 5.
272 2965 441 3058 Denique
461 2962 497 3034 id
526 2966 633 3033 etiam
648 2966 872 3062 Speusippus
897 2967 1017 3061 primo
1035 2987 1157 3035 rerum

156 3078 360 3175 principio,
375 3100 507 3175 nempe
517 3079 590 3147 Uni
611 3075 753 3148 videtur
772 3077 951 3164 tribuisse,
967 3077 1066 3173 quod
1089 3077 1158 3149 sibi

159 3196 281 3288 ipsum
302 3188 500 3262 sufficeret.
518 3191 729 3261 Aristoteles
757 3195 874 3279 euim,
893 3197 979 3260 Met.
1003 3195 1098 3280 XIV,
1117 3197 1157 3281 4,

157 3301 310 3403 p4301,l.
324 3318 573 3402 19,postqua1u
581 3308 771 3401 Speusippi
780 3303 933 3375 debono
941 3307 1155 3374 seutentiam

158 3421 245 3488 cum'
253 3434 415 3490 veterum
426 3419 744 3514 recentiorumque
753 3415 1009 3515 theologorum
1020 3433 1055 3489 et
1065 3417 1156 3516 phy-

159 3536 316 3604 sicoruur
330 3533 479 3632 placitis
486 3545 527 3601 ut
538 3529 705 3622 vidimus,
714 3531 935 3604 conferendo
943 3537 1154 3630 exagitavit,

160 3648 292 3718 mirum
303 3647 533 3742 essesubjicit
543 3650 573 3716 si
586 3671 660 3718 nou
670 3646 720 3718 ob
729 3645 765 3718 id
774 3653 895 3746 ips'um
911 3646 979 3718 sibi
993 3651 1152 3745 primum
1245 3633 1247 3638 ’

158 3775 407 3858 aeternumque
427 3785 548 3833 rerum
575 3762 794 3859 principium
828 3765 913 3832 satis
949 3763 1011 3846 sit,
1050 3759 1152 3854 quod

200 3922 241 3998 (ι)
261 3923 326 3984 vid.
344 3943 445 4000 supra,
458 3943 486 4000 p.
507 3939 534 3994 7.
