3050 4760
734 333 872 456 -un
957 387 965 406 ·

306 517 310 528 ⁶
343 519 546 586 selemiam?
566 538 599 611 P·
622 511 739 610 297³·
758 513 802 582 6²
823 515 968 591 Πόιοῢντι
992 517 1026 590 ll
1045 525 1170 617 ἀριθμὸν
1197 528 1249 591 τὸν
1270 551 1335 616 μα·

343 649 528 740 θηματικὸν,
543 646 632 715 πόθεν
646 674 686 728 ,τε
704 648 761 741 χρὴ
781 657 940 715 πιστεῦσαι
964 651 1004 724 ὡς
1022 645 1089 711 ἔστι
1106 653 1247 724 τοιοῦτος
1266 647 1332 740 alpi·

343 775 467 864 θμὸς...;
490 777 556 838 ἀλλ’
576 777 616 849 ὡς
641 775 829 846 αὐτ-Ντινα
850 775 933 864 λέγει
958 769 1025 836 καθ’
1051 773 1146 846 αὐτὴν
1170 771 1258 862 φύσιν
1280 769 1335 836 eir·

343 922 436 964 σαν...
456 893 503 960 Τὰ
527 873 585 988 γθιρ
613 894 795 988 θεωρήματα
830 902 889 960 τῶν
919 892 1124 984 ἀριθμητικῶν
1152 892 1258 960 πάντα
1283 893 1334 958 καὶ

344 1007 427 1088 κατὰ
447 1027 507 1086 τῶν
527 1019 679 1093 αἰσθητῶν
696 1013 833 1111 ὑπάρξει.
851 1009 896 1075 Εἴ
919 1030 950 1075 C·
976 1005 1015 1091 3,
1041 1029 1076 1101 Ρ.
1108 1029 1191 1100 297,
1215 1004 1237 1074 l.
1265 1030 1306 1101 19
1327 1030 1334 1072 :

343 1145 385 1211 Οἱ
418 1136 452 1210 θὲ
481 1143 716 1237 Πυθαγόρειοι...
754 1138 828 1209 εἶναι
856 1143 909 1233 μὲν
941 1138 1084 1234 ἀριθμοὺς
1109 1139 1255 1244 {nulnum}
1291 1139 1333 1208 τὰ

345 1267 454 1334 ὄντα...
477 1274 541 1346 τοῖς
559 1259 593 1332 <ll
612 1267 666 1333 τὸν
682 1239 896 1360 μαθηματικὸν
920 1265 1010 1356 μόνον
1029 1263 1166 1357 λέγουσιν
1183 1260 1256 1330 εἶναι
1272 1265 1339 1355 ἀρι-

345 1392 459 1481 θμὸν...
470 1394 516 1457 ὅτι
532 1394 585 1456 οὐκ
599 1393 720 1457 ἔσονται
741 1393 842 1457 αὐτῶν
860 1390 891 1454 αἱ
906 1393 1074 1478 ἐπιστῆμαι
1087 1389 1207 1480 ῶέγετο
1225 1413 1254 1453 κ.
1264 1414 1294 1454 τ.
1305 1391 1338 1455 λ.

346 1517 382 1580 Ρ.
397 1513 484 1606 298,
499 1511 521 1580 l.
548 1536 583 1580 t:
609 1514 708 1606 οἱμὲν
729 1511 779 1580 οὖν
800 1513 907 1580 Πυθ...
930 1513 959 1579 οἱ
985 1504 1019 1578 θὲ
1043 1512 1194 1602 χωριστὸν
1215 1521 1340 1578 ποιοῦν-

347 1663 411 1722 τες,
445 1639 493 1704 ὅτι
521 1636 572 1702 ἐπὶ
604 1646 664 1702 τῶν
698 1636 849 1709 αἰσθητῶν
880 1639 936 1702 οὐκ
970 1637 1054 1702 ἔσται
1087 1631 1129 1700 τὰ
1165 1627 1339 1724 ἀξιώματα.

349 1749 518 1820 Similiter
549 1764 671 1818 autem
704 1747 748 1818 de
782 1745 1093 1842 magnitudinibus
1122 1741 1342 1831 sentiebant3

349 1877 485 1968 quippe
508 1871 590 1941 ibid.
614 1871 636 1940 l.
654 1898 694 1968 9:
718 1874 830 1966 ὁμοίως
851 1865 884 1941 δὲ
903 1872 954 1940 καὶ
975 1869 1021 1974 τθιΙ
1037 1871 1146 1964 μεγέθη
1171 1868 1212 1936 τὰ
1245 1872 1340 1962 μαθη-

349 2023 476 2088 ματικα.
910 2075 923 2090 ι
973 2069 974 2072 ¹
1171 2081 1174 2088 ἦ

399 2113 432 2192 [ι.
459 2113 564 2178 Nunc
578 2122 718 2197 autem,
742 2107 804 2178 illo
823 2105 922 2202 quod
937 2107 1012 2200 jam
1034 2104 1169 2202 pluries
1187 2109 1343 2176 excussi·

352 2245 433 2289 mus
464 2220 783 2313 Metapltysieorum
811 2219 898 2300 libri
929 2223 1011 2289 XIV
1046 2221 1162 2314 capite
1181 2221 1218 2302 4,
1242 2232 1344 2314 post-

354 2357 464 2430 quam
483 2335 727 2430 Speusippum
755 2337 824 2402 Uni
841 2333 983 2403 bonum
1003 2332 1221 2429 ablegavisse
1239 2330 1348 2426 signi-

355 2448 474 2519 ficavit
502 2448 727 2534 Aristoteles,
761 2473 836 2520 non
867 2471 944 2518 esse
980 2446 1204 2518 intellectum
1234 2445 1349 2518 abeo

356 2559 609 2630 animadvertit
636 2584 868 2658 nequaquam
895 2565 933 2632 in
959 2587 1002 2632 eo
1028 2575 1221 2658 peccatum
1248 2563 1291 2629 iri
1321 2563 1360 2630 si.

361 2677 443 2772 quis
460 2678 577 2772 primo
595 2699 716 2746 reattm
730 2679 910 2776 principio
924 2676 1065 2748 bouum
1086 2674 1271 2758 tribuerit,
1287 2673 1351 2745 sed

320 2835 322 2842 ι
362 2793 392 2859 si
406 2794 478 2861 Uni
504 2790 661 2876 bouum,
678 2796 876 2888 Unumque
895 2790 1001 2862 simul
1024 2789 1262 2878 elementum,
1275 2792 1351 2858 imo

362 2909 505 2974 numeri
530 2906 751 2976 elementum
775 2929 852 2976 esse
871 2907 1056 2991 statuerit3
1081 2903 1151 2974 hoc
1168 2903 1352 2975 Platonem

363 3042 383 3085 a
402 3042 489 3086 vero
503 3015 737 3105 deerravisse3
759 3042 796 3113 p.
813 3017 901 3103 301,
919 3016 942 3085 l.
958 3043 996 3086 2:
1020 3030 1086 3096 ἔστι
1105 3021 1134 3094 δ’
1156 3034 1174 3102 ἡ
1193 3011 1355 3122 δυσχέρεια

365 3155 398 3217 οὐ
414 3141 466 3215 lul
482 3151 517 3216 τὸ
532 3159 577 3244 τῇ
588 3151 666 3244 ἀρχῇ
685 3152 721 3218 τὸ
738 3148 767 3216 εὖ
786 3141 972 3224 ἀποθιθόναι
986 3128 1031 3228 ὡςΙ
1039 3151 1188 3244 ὑπάρχον,
1204 3148 1284 3218 ellel
1300 3141 1355 3216 θιὰ

366 3275 403 3340 τὸ
423 3253 460 3342 τὸ
480 3271 509 3339 ἓν
529 3273 624 3368 ἀρχὴν
645 3281 685 3353 ὡς
704 3283 854 3368 στοιχεῖον
868 3271 920 3341 καὶ
939 3274 992 3340 τὸν
1009 3273 1132 3367 ἀριθμὸν
1150 3277 1184 3341 ἐκ
1205 3283 1261 3342 τοῦ
1279 3274 1355 3352 ἑνός.

366 3393 417 3454 Ac
442 3385 551 3480 paulo
578 3383 692 3470 iufra,
712 3385 735 3454 l.
759 3386 829 3474 26,
862 3388 927 3480 qui
957 3383 1097 3454 bouum
1122 3389 1194 3456 Uni
1220 3385 1358 3456 abnue·

368 3511 465 3585 rant,
485 3496 530 3566 ab
556 3501 598 3566 iis
619 3501 742 3568 Unum
761 3499 843 3570 ideo
863 3498 1109 3571 mathematici
1126 3514 1269 3569 tantum
1293 3523 1360 3570 nu·
1430 3559 1434 3565 .

369 3615 459 3682 meri
490 3615 647 3708 primum
675 3616 893 3711 principium
922 3627 958 3684 et
976 3615 1194 3685 elementum
1222 3612 1360 3686 factum

370 3724 478 3796 fuisse
489 3740 611 3823 aperte
625 3725 843 3797 declaratur:
879 3741 916 3806 τὸ
946 3741 1050 3831 μέντοι
1088 3740 1205 3812 ταύτην
1239 3735 1285 3823 (ί,
1329 3760 1359 3807 e,
