3050 4760
547 425 549 432 ‘
628 394 710 470 (³)

175 539 292 615 scent,
314 537 357 608 ut
376 522 543 592 tenebras
558 523 751 598 discutiant
778 528 898 599 minus
912 549 1023 624 quam
1049 525 1167 602 offan„

173 639 271 710 dant.
601 723 605 730 Ι

223 759 396 826 Praeterea
422 750 520 850 quod
554 752 597 826 ad
628 757 818 852 Speusippi
848 756 893 828 de
918 762 1012 848 Dee,
1029 774 1167 847 mente,

85 866 89 880 ’
176 881 212 937 et
227 872 357 954 anima,
368 868 497 965 placita
509 871 658 957 attinet,
672 875 889 966 paucissima
900 887 936 944 ct
950 873 1171 969 perobscura

177 980 274 1080 apud
294 995 460 1054 auctores
489 981 608 1054 dubiae
631 981 716 1057 fidei
735 985 980 1058 Jamhlichmn
996 999 1034 1058 ct
1051 991 1171 1058 Minus

176 1101 274 1171 cium
289 1096 459 1185 Felicem,
479 1110 646 1195 suspecta
663 1098 829 1193 quaedam
850 1105 1029 1172 temerarii
1048 1102 1171 1196 cujus*

73 1209 77 1216 ’
177 1205 258 1282 dam
276 1211 372 1309 apud
395 1217 622 1300 Ciceronem,
640 1212 683 1280 de
699 1217 782 1283 Nat.
795 1213 903 1303 darm,
920 1218 947 1304 I,
974 1213 1027 1304 13,
1048 1220 1174 1312 Epicn-

178 1329 229 1396 rei
249 1324 369 1396 verba.
386 1329 460 1398 Nec
476 1324 681 1421 quidquam
699 1327 794 1398 alias.

227 1465 260 1513 2·
280 1443 374 1513 Cum
392 1453 515 1509 autem
535 1441 758 1537 Speusippus
773 1454 810 1510 et
826 1439 1013 1516 Platonem
1030 1464 1177 1536 excepe-

180 1555 227 1623 rit
248 1566 284 1623 et
302 1553 501 1624 Aristotelis
518 1552 662 1648 aequalis
675 1537 808 1643 ¹fuerit,
828 1550 979 1630 fortasse
1009 1555 1176 1636 aemulus,

180 1667 436 1763 Speusippaeae,
456 1691 537 1760 quac
556 1664 775 1736 Platonicam
796 1665 893 1738 illam
914 1670 1009 1738 inter
1028 1682 1064 1738 et
1084 1672 1178 1738 Aris·

181 1783 361 1860 totelicam
375 1781 537 1852 scholam
554 1781 761 1869 intercedit,
774 1782 948 1855 doctrinae
959 1787 1089 1855 notitia
1101 1809 1176 1855 non

180 1897 283 1968 facile
299 1923 421 1969 carere
434 1921 540 1993 posse
550 1895 690 1968 videtur
701 1895 851 1969 historia
865 1895 1104 1993 philosophiae
1121 1922 1179 1966 ve-

180 2016 276 2084 teris.
289 2011 344 2080 Ad
359 2010 443 2097 hoc,
456 2017 491 2080 in
506 2014 721 2106 antiquitate
735 2035 809 2080 non
824 2009 982 2106 ignobile
989 2014 1180 2109 Speusippi

186 2149 339 2212 nomen3
371 2138 413 2193 ut
445 2127 657 2193 Ciceronem
689 2126 874 2212 omittam,
900 2124 1109 2196 Aristoteles
1140 2129 1178 2194 in

184 2238 456 2336 Metaphysicis,
474 2236 539 2307 ubi
560 2240 799 2330 Xenocratem
825 2261 871 2306 ne
898 2237 1005 2307 semel
1029 2237 1178 2334 quidem

185 2357 399 2424 nominatim
409 2347 555 2424 laudare
569 2351 735 2447 dignatus
752 2350 906 2441 videtur,
919 2345 974 2422 bis
987 2356 1180 2451 Speusippi

186 2465 353 2539 derebus
374 2470 591 2562 gravissimis
606 2470 821 2564 sententiam
841 2465 963 2537 attulit
976 2481 1012 2536 et
1027 2491 1180 2566 perpen-

184 2579 249 2653 dit.
264 2584 420 2656 Tantum
445 2579 546 2650 abest
564 2594 624 2665 ut,
647 2579 746 2675 quod
776 2579 930 2650 credidit
948 2579 1177 2652 doctissimus

185 2699 227 2766 Η·.
249 2697 380 2794 Rittcr,
406 2696 499 2764 Hist.
518 2691 651 2786 philos.
678 2707 703 2760 t.
736 2717 778 2777 n,
809 2692 888 2784 ejus
910 2692 1175 2790 philosophiam

187 2807 290 2883 nihili
308 2807 489 2880 habuerit.

235 2926 364 3015 ltaque
374 2943 492 3016 operae
508 2922 665 3015 pretium
678 2942 751 2992 non
769 2916 982 2990 abfuturum
993 2945 1072 2994 esse
1089 2924 1180 2999 mihi

187 3043 306 3110 visum
335 3049 404 3122 est,
435 3038 464 3104 si
494 3035 576 3128 quis
600 3035 796 3138 ,Speusippi
827 3032 871 3106 de
898 3039 1023 3133 primis
1056 3063 1178 3110 rerum

189 3153 374 3250 principiis
410 3149 538 3246 placita
574 3173 672 3220 nutrc
708 3147 892 3222 oblivione
923 3145 1107 3239 dernarsa,
1141 3159 1199 3252 in·

190 3266 330 3338 meliori
347 3263 492 3340 tandem
511 3263 590 3335 lnce
612 3263 850 3334 collocaverit.

234 3376 1180 3475 &Cumautem,inMetaphysicisquidicunturiibris,

191 3493 398 3567 Aristoteles
412 3501 487 3560 iton
502 3490 620 3560 solum
636 3479 807 3578 PlatoniS,
823 3491 884 3564 sed
903 3495 1010 3564 etiam
1025 3493 1181 3566 Platoni·

167 3603 318 3686 'corum
340 3606 385 3677 de
404 3629 525 3676 rerum
547 3605 731 3701 principiis
755 3610 948 3676 sententias
970 3609 1182 3703 exagitando

72 3803 76 3808 ¹
193 3735 447 3820 persequatur,
465 3717 764 3789 verisimillimum
779 3733 831 3788 est
846 3719 958 3789 multa
976 3718 1026 3789 ibi
1044 3735 1123 3790 tum
1138 3721 1183 3791 ad

193 3841 454 3918 Xenocratem,
479 3847 557 3900 tum
589 3829 630 3900 ad
661 3833 923 3928 Speusippum,
952 3836 1183 3903 etiamsinon

1050 3958 1075 4005 t.
