3050 4760
809 435 817 510 l
844 435 905 511 12)

369 562 436 632 bac
455 567 633 635 sententia
651 569 849 636 consociari
871 564 1055 636 videamus
1072 576 1201 660 praeter
1220 567 1359 660 priseos

365 676 444 747 illos
457 691 493 746 et
509 677 677 749 horridos
692 693 816 776 poetas
839 678 1165 777 physiologosque,
1183 684 1360 748 recentio-

267 816 271 824 ·
366 815 448 862 rum
465 844 475 880 ,
495 797 698 864 accuratius
716 793 1079 892 philosophaturum,
1101 791 1259 878 nullum,
1281 815 1358 862 cre·

290 983 293 991 ,
366 905 475 978 dibile
508 923 562 978 est
586 911 828 1006 Speusippum
857 907 948 1004 quid
972 906 1043 978 sibi
1067 905 1173 978 vellet
1192 913 1358 977 omnium

367 1025 504 1117 optime
520 1035 556 1091 et
566 1025 708 1094 scivisse
716 1036 752 1094 et
767 1025 859 1119 aptis
870 1019 990 1093 verbis
1004 1020 1358 1110 declaravisse.Quae-

367 1156 525 1229 cumque
544 1135 751 1206 Aristoteles
768 1135 813 1206 de
838 1149 939 1225 actu,
956 1134 1057 1231 quod
1076 1138 1273 1231 potentiam
1293 1159 1359 1204 an·

368 1246 518 1336 tecedat‚
530 1263 656 1320 contra
671 1249 859 1346 theologos
871 1247 973 1320 alites¹
983 1251 1176 1318 sentientes
1187 1247 1359 1344 disputat,

369 1365 522 1430 maxime
552 1362 596 1432 ad
628 1367 869 1460 Speusippum
903 1377 1065 1459 spectare
1088 1360 1258 1431 credibile
1292 1377 1357 1432 est.

367 1474 466 1560 Quin
478 1478 671 1569 etiamquae
680 1480 761 1543 Met.
770 1474 792 1543 l.
804 1479 865 1560 IX,
880 1499 909 1544 c.
927 1473 960 1560 8,
973 1498 1009 1572 p.
1024 1465 1198 1568 185·'189,
1215 1473 1259 1544 de
1268 1497 1308 1543 ea
1322 1498 1362 1543 re

370 1587 407 1653 in
417 1585 418 1590 ’
428 1590 648 1674 universum,
663 1601 698 1658 et
717 1592 870 1658 neminis
889 1591 1073 1657 mentione.
1089 1584 1193 1677 facta,
1207 1577 1359 1675 disserit,

369 1724 444 1769 non
460 1705 536 1771 sine
555 1701 676 1798 aliquo
690 1702 733 1772 ad
756 1717 970 1775 coaetaneain
986 1703 1225 1798 aemulamque
1241 1701 1359 1799 philo-

316 1899 321 1906 ·
370 1813 536 1910 sophiam
557 1833 721 1915 respectu
746 1833 819 1889 tam
841 1821 971 1888 acriter
988 1816 1162 1914 disputari
1179 1821 1322 1914 opinor.

419 1933 485 1999 Cui
503 1932 717 2026 conjecturae
731 1929 816 2002 facit
830 1931 939 2001 fidem
954 1929 1053 2026 quod
1068 1955 1204 2026 quum,
1224 1934 1260 1998 in
1276 1929 1362 1999 duo·

370 2041 512 2114 decimo
529 2044 640 2132 libro,
657 2062 816 2143 quatuor
833 2049 985 2116 omnino
1005 2045 1093 2116 locis
1112 2044 1156 2114 de
1180 2047 1360 2150 potentia,

370 2155 470 2248 quod
494 2170 576 2226 ante
593 2173 714 2228 actum
731 2162 793 2245 sit,
811 2157 988 2254 disputet,
1001 2162 1049 2227 ita
1067 2172 1227 2253 quatuor
1243 2160 1364 2226 omni-

370 2265 440 2336 bus
466 2268 554 2340 locis
580 2273 616 2341 id
646 2270 747 2360 facit,
765 2287 823 2359 ut,
851 2286 935 2368 post
960 2278 1190 2370 impugnatus
1208 2271 1367 2342 Platonis

371 2380 469 2453 ideas
494 2390 598 2480 quasi
619 2391 661 2456 iis
688 2389 908 2487 principium
929 2401 1050 2456 motus
1071 2412 1146 2457 non
1162 2391 1263 2472 insit,
1278 2384 1365 2455 sub·

368 2503 580 2596 jungat'nec
598 2502 703 2572 aliam
725 2498 925 2596 quamlibet
943 2523 1087 2570 causam
1102 2498 1280 2585 sulficere,
1299 2499 1366 2566 nisi

372 2613 496 2684 eadem
520 2630 605 2685 actu
629 2619 684 2685 sit.
714 2618 772 2684 Sic
792 2639 821 2684 c.
841 2611 882 2700 6,
906 2637 941 2709 p.
961 2611 1044 2701 246,
1065 2613 1087 2682 l.
1109 2639 1174 2683 12:
1199 2629 1244 2718 op
1263 2622 1363 2690 τοίνυν

371 2741 437 2816 οὐδ’
456 2753 534 2825 αὕτη
555 2751 640 2824 ἱκανὴ
662 2741 726 2818 oal’
741 2747 817 2822 ἄλλη
835 2747 922 2814 οὐσία
946 2745 1030 2840 παρὰ
1050 2747 1091 2815 τὰ
1104 2739 1181 2821 alda·
1204 2747 1228 2812 εἰ
1241 2744 1298 2840 γὰρ
1320 2749 1363 2836 μὴ

373 2877 539 2967 ἐνεργήσει,
556 2879 611 2942 οὐκ
628 2877 714 2942 ἔσται
731 2875 844 2950 κίνησις
861 2898 891 2938 κ.
909 2895 941 2936 τ.
955 2877 987 2937 λ.
1019 2862 1085 2972 Sic.
1109 2858 1217 2956 paulo
1251 2855 1364 2944 infra,

372 2981 395 3051 l.
429 2985 469 3053 18
498 3010 577 3080 sqq.
605 2989 662 3055 Sic
691 3008 726 3080 P·
754 2987 836 3077 247,
864 2979 951 3065 1.8;
977 2986 1029 3051 sic
1057 2981 1214 3078 denique
1246 2987 1364 3077 capite

373 3096 503 3166 ultimo
522 3097 685 3192 ejusdem
704 3096 803 3184 libri,
819 3122 853 3194 p.
872 3093 1107 3188 258,l.4-10.
1123 3101 1253 3169 Nonne
1276 3118 1364 3190 ergo

373 3210 528 3302 videtur,
552 3211 695 3310 explosa
723 3213 881 3283 Platonis
908 3217 1102 3299 sententia,
1126 3209 1171 3281 ad
1205 3208 1364 3280 Platonis

373 3329 522 3429 διάδοχον
545 3330 790 3424 Speusippum
807 3327 952 3396 venire?
1330 3421 1333 3428 Ι

362 3428 367 3434 ’
420 3449 601 3542 Denique,
623 3448 845 3544 ubicumque
858 3448 932 3521 fere
946 3453 1145 3548 potentiam
1165 3463 1249 3519 actu
1266 3452 1364 3545 prio·

372 3581 450 3628 rem
472 3582 547 3630 esse
563 3561 767 3654 contendit,
782 3562 854 3633 hoc
869 3564 1052 3662 exemplo,
1067 3562 1167 3659 quod
1181 3566 1218 3631 in
1232 3560 1366 3631 scholis

371 3687 498 3770 postea
518 3674 664 3771 vulgare
684 3676 769 3767 luit,
788 3682 902 3748 utitur
920 3679 1127 3750 Aristoteles
1148 3704 1155 3746 :
1179 3700 1252 3745 non
1272 3699 1292 3744 e
1309 3699 1366 3746 se·

374 3791 471 3858 utine
479 3787 683 3878 hominem,
696 3789 758 3861 sed
769 3794 886 3862 verius
898 3817 941 3864 ex
949 3791 1098 3863 homine
1108 3791 1212 3877 oriri,
1227 3789 1366 3886 quippe
