3050 4760
604 422 700 498 (²⁵)

164 556 337 654 quiddam
361 557 426 624 uni
441 556 663 652 contrarium
678 555 909 649 deceperant,
926 549 1025 621 Plato
1051 551 1154 645 quasi

163 677 200 742 in
228 671 405 742 elementa
429 667 503 738 duo
529 671 624 738 inter
654 692 692 737 se
717 670 896 737 contraria
927 661 1156 750 dissolverat,
1227 691 1230 694 ·

164 809 298 882 nempe
318 787 355 853 in
383 805 557 877 magnum
580 806 620 852 ac
651 805 815 878 parvum.
842 781 1009 869 Quorum
1035 792 1157 848 tamen

164 893 1159 990 utrumque,cnmnon,nisiquoadalterum,sit,nequa·

165 1033 278 1104 quam
289 1033 354 1105 per
373 1032 410 1081 se
425 1032 491 1078 nec
507 1011 575 1078 nisi
590 1031 674 1078 cum
689 1007 802 1078 altero
819 1003 1057 1102 conjunctum
1072 1004 1159 1075 suh·

167 1125 292 1194 sistere
321 1146 428 1220 posse
457 1121 703 1210 existimabat3
723 1121 820 1191 unde
841 1145 966 1190 rursus
989 1118 1100 1190 ambo
1121 1121 1157 1186 in

167 1259 282 1304 unum
300 1233 391 1330 quid
412 1235 628 1326 coalescere,
648 1255 782 1332 nempe
804 1237 841 1304 in
862 1237 983 1329 magni
1002 1234 1038 1302 et
1060 1235 1161 1329 parvi

169 1349 295 1446 dyada.
389 1371 396 1434 ζ
819 1415 821 1422 ,
1203 1347 1205 1352 ’

219 1464 274 1534 Ad
288 1463 378 1553 hoc,
397 1489 512 1534 unum
532 1463 630 1535 istud
650 1489 673 1534 e
684 1489 817 1564 magno
831 1483 1017 1564 parvoque
1033 1459 1163 1536 confla-

171 1593 252 1650 tum
267 1585 351 1675 quia
367 1579 457 1648 nihil
470 1583 538 1650 nisi
555 1579 728 1675 quiddam
738 1579 924 1652 infinitum
940 1592 1030 1665 erat,
1046 1598 1165 1670 neque

172 1718 238 1790 per
252 1717 289 1764 se
305 1694 380 1764 uilo
397 1694 508 1780 modo
528 1716 704 1766 mensurae
721 1718 851 1790 capax,
862 1718 982 1789 neque
994 1696 1165 1786 cuiquam

173 1831 293 1902 neque
316 1810 424 1878 etiam
453 1805 522 1876 sibi
549 1831 713 1902 aequnm,
733 1807 923 1902 inoeqo'ale,
942 1814 1065 1900 ἄνισον,
1093 1826 1169 1872 esse

174 1929 274 2000 Plato
309 1913 463 1999 dicebat.
495 1928 666 2018 Proinde,
687 1953 762 1998 non
782 1929 898 2002 solum
923 1929 960 1998 in
986 1927 1170 1998 Platonica
1192 1935 1195 1938 '
1277 1937 1279 1942 ⁴

176 2041 291 2137 dyade
315 2037 387 2109 non
410 2056 464 2111 est
487 2041 704 2132 elementum
729 2030 954 2138 utrumque,
969 2042 1041 2110 nisi
1058 2039 1104 2112 ad
1125 2040 1170 2111 al·

135 2224 137 2229 .
177 2171 316 2244 terum,
333 2177 461 2225 verum
486 2159 593 2226 etiam
615 2181 689 2228 nec¹
701 2158 793 2254 dyas
810 2162 888 2255 ipsa
903 2160 972 2226 nisi
993 2155 1039 2226 ad
1053 2180 1169 2232 unum

178 2293 251 2369 est;
269 2278 358 2350 adeo
379 2293 422 2349 ut
444 2294 521 2351 tota
539 2283 576 2349 in
597 2296 640 2373 τῷ
658 2285 733 2380 πρός
753 2311 785 2352 τι
801 2295 974 2355 versetur.

187 2397 190 2401 ’
225 2395 392 2489 Denique
413 2419 456 2478 eo
474 2419 592 2491 usque
610 2383 794 2467 Platonem
810 2395 1028 2494 perduxerat
1046 2391 1174 2464 dialec-

180 2511 288 2578 ticam
306 2532 416 2604 quam
433 2525 565 2580 vocant
582 2510 862 2610 philosophandi
879 2508 1113 2596 methodum,
1134 2518 1175 2576 ut

181 2620 343 2692 idearum
377 2627 578 2721 principia,
612 2649 654 2694 ac
678 2625 849 2720 proinde,
881 2628 1058 2719 quoniam
1089 2621 1176 2693 ideae
1250 2659 1282 2673 ·-

181 2740 360 2834 principia
377 2752 589 2806 caeterorum
602 2741 873 2825 sunt,omnium
888 2742 1039 2808 omniuo
1055 2759 1176 2806 rerum

181 2851 362 2946 principia
393 2861 471 2916 tum
493 2853 530 2918 in
559 2851 801 2935 uno,tumi11
825 2873 868 2923 eo
890 2849 987 2946 quod
1009 2853 1176 2926 universe

149 3025 154 3038 ,
183 2973 312 3059 praeter
331 2983 446 3029 unum
465 2975 538 3052 est,
557 2985 625 3032 nec
645 2962 850 3059 quidquam
871 2969 1029 3062 insuper,
1045 2986 1178 3060 nempe

184 3081 223 3146 in
246 3074 380 3144 adverso
398 3079 472 3145 sive
494 3077 566 3146 aleo
587 3082 765 3149 contineri
784 3084 972 3154 inveniret.
989 3084 1085 3174 Ergo
1101 3078 1179 3148 Pla·

185 3190 263 3260 toni
288 3191 526 3286 principium,
548 3206 589 3261 ut
614 3191 745 3262 scholae
769 3191 963 3264 formulam
985 3215 1180 3287 usurpem,

186 3301 337 3373 formale
357 3328 365 3370 :
385 3327 511 3388 uirum,
541 3309 614 3374 sive
641 3304 778 3400 ecquale
814 3307 928 3408 &003
945 3306 1180 3408 principium

187 3424 1177 3526 materiale:(dyasindefinitamngnietporvi,inoequale,

189 3535 498 3626 adversarenoliod
510 3548 638 3636 (ἄνισον,
654 3557 767 3648 ἕτερον,
782 3545 887 3647 ἄλλο).

238 3668 461 3763 Speusippus
487 3689 569 3736 cum
592 3669 813 3764 principium
826 3668 1014 3739 materiale
1030 3671 1067 3736 in
1076 3666 1179 3735 'mui-

190 3776 345 3848 titudine
380 3792 510 3874 ponat,
546 3803 620 3851 nou
640 3780 715 3874 jam
740 3781 776 3852 id
801 3781 847 3854 ab
869 3785 979 3852 eosic
1004 3783 1182 3876 accipitur

191 3907 341 3979 utnon,
361 3896 430 3962 nisi
456 3891 579 3964 habita
597 3897 705 3964 unius
734 3899 890 3984 ratione,
920 3909 982 3969 out
1001 3918 1097 3984 esse,
1121 3907 1183 3964 aut
1255 3892 1257 3896 ’
