3050 4760
642 433 677 488 '2⁴2

172 556 268 630 allud
282 581 369 646 esse,
378 562 645 655 praterDeum3
654 558 753 628 unde
761 557 886 628 eadem
897 579 1039 654 semper
1046 561 1165 632 Deum

170 670 339 744 felicitate
351 670 424 742 frui
436 696 509 768 qua
529 696 595 744 nos
611 671 703 759 lere,
718 686 879 742 mentem
898 672 1168 769 participando,

169 785 365 881 aliquando
380 785 547 858 fruimur.
563 792 675 886 Porro
692 787 814 860 eadem
833 811 1045 885 prorsuS,eo
1057 813 1168 882 quem

171 913 369 970 tractamus
388 901 720 998 Metaphysicorum
740 901 841 988 locu,
857 905 979 998 paucis
1004 925 1170 1000 expressa

173 1017 387 1110 reperimus,
400 1038 438 1112 Ρ..
453 1020 534 1112 249,
554 1016 576 1087 l·
592 1016 634 1086 1:
657 1031 797 1123 Διαγωγή
814 1019 842 1092 ‹l'
859 1028 940 1094 ἐστὶν
961 1013 1042 1102 οἵεή
1063 1026 1169 1122 ἀρίστη

174 1149 289 1239 μακρὸν
316 1149 424 1242 χρόνον
442 1155 535 1240 ἡμῖν’
556 1154 638 1218 οὕτω
657 1147 714 1244 γὰρ
732 1151 778 1216 ἀεὶ
798 1149 892 1216 tuens
910 1154 1003 1217 ἐστιν.
1019 1135 1100 1242 Ημῒν
1119 1152 1172 1241 μὲν

175 1268 232 1362 γὰρ
249 1261 401 1336 ἀδύνατον
418 1285 426 1302 “
445 1270 509 1338 ἐπεὶ
523 1271 574 1338 καὶ
596 1277 614 1346 ἡ
632 1264 727 1346 ἡδονὴ
750 1271 881 1366 ἐνέργεια
900 1273 1032 1338 τούτου·
1048 1271 1099 1338 καὶ
1120 1265 1174 1338 διὰ

177 1399 270 1460 τοῦτο
293 1397 488 1486 ἐγρήγορσις,
516 1395 664 1479 αἴσθησις,
684 1395 785 1472 νόησις
813 1387 964 1480 ἥδιστον,
989 1387 1110 1473 ἐλπίδες
1140 1387 1175 1462 δὲ

177 1513 228 1580 καὶ
247 1525 362 1607 μνῆμαι
379 1508 432 1583 διὰ
451 1527 564 1584 ταῦτα.
588 1499 617 1584 ll
635 1503 669 1584 li
686 1517 787 1595 νόησις
804 1523 821 1591 tl
841 1518 909 1584 καθ’
924 1521 1018 1592 αὐτὴν
1037 1527 1093 1585 τοῦ
1108 1519 1175 1585 καθ’

179 1637 255 1703 αὑτὸ
273 1636 411 1731 ἀρίστου,
424 1637 475 1732 eal
486 1645 505 1713 ἡ
517 1639 653 1730 pultum
668 1649 723 1706 τοῦ
742 1638 891 1731 μάλιστα.
907 1641 1007 1707 Αὑτὸν
1028 1631 1064 1706 δὲ
1079 1647 1176 1708 νοεῖ...

179 1757 231 1824 καὶ
246 1764 263 1831 ἢ
286 1758 394 1853 θεωρία
409 1761 444 1825 τὸ
462 1751 590 1834 ἥδιστον
606 1759 657 1826 καὶ
680 1755 817 1850 ἄριστον.
831 1759 869 1827 Εἰ
888 1757 937 1826 οὖν
953 1765 1049 1837 οὕτως
1068 1759 1099 1828 εὖ
1116 1763 1182 1854 ἔχει

180 1888 219 1958 ὡς
241 1887 326 1972 ἡμεῖς
347 1883 443 1967 ποτέ,
461 1887 477 1947 o‘
497 1881 561 1958 θεὸς
581 1881 647 1965 ἀεὶ,
662 1879 859 1973 θαυμαστόν·
883 1880 907 1946 εἰ
923 1872 958 1946 δὲ
975 1886 1112 1972 μᾶλλον,
1132 1884 1179 1948 ἔτι

181 2004 445 2095 θαυμασιώτερον·
465 2005 527 2095 ἔχει
548 1995 583 2069 lt
603 1993 675 2072 ὧδε.

234 2118 323 2184 Tota
344 2139 446 2212 engo,
469 2129 509 2185 ut
527 2114 763 2208 diximus,ad
780 2118 1022 2213 Speusippum
1043 2128 1182 2216 spectat

183 2239 312 2306 oratio.
385 2305 390 2314 ,
1031 2308 1036 2318 .

233 2353 267 2432 ά.
286 2349 362 2417 Nec
377 2344 413 2414 id
432 2345 794 2443 solum.¹Speusippus
805 2343 891 2414 licet
905 2348 977 2414 Uni
991 2325 1027 2414 et
1041 2343 1182 2414 bonum

186 2476 223 2534 et
237 2474 406 2548 mentem,
416 2473 501 2530 actu
518 2473 626 2547 certe,
642 2458 823 2549 abnuerit,
838 2473 885 2542 et,
902 2472 944 2530 ut
956 2484 999 2528 ex
1017 2462 1182 2557 superio·

187 2576 288 2656 ribus
308 2589 424 2674 patet,
451 2575 684 2667 conjunctam
710 2597 796 2644 cum
819 2573 1006 2670 voluptate
1032 2572 1183 2643 felicita-

189 2706 273 2780 tem,
283 2693 317 2759 ei
329 2704 448 2759 tamen
458 2692 569 2755 vitam
578 2685 747 2754 tribuisse
762 2683 914 2754 videtur.
925 2689 1071 2782 Quippe
1083 2683 1184 2781 apud

187 2807 400 2882 Ciceronem
408 2802 529 2895 primo
537 2795 580 2866 de
591 2799 733 2866 Natura
744 2801 909 2881 Deorum,
920 2818 949 2866 c.
962 2793 1014 2885 13,
1026 2795 1183 2866 Velleius

188 2919 409 3014 epicureus:
436 2913 717 3010 «Speusippus,
750 2909 937 2981 Platonem
963 2910 1183 2980 avunculum

187 3029 426 3122 subsequens,
452 3039 488 3095 et
510 3029 584 3093 vim
609 3023 806 3120 quamdam
827 3022 1040 3118 dicensque
1062 3026 1188 3094 omnia.

188 3140 434 3239 regantur(1)‚
448 3163 602 3235 eamque
610 3139 816 3226 animalem,
832 3153 991 3208 evertere
1005 3141 1186 3206 exanimis

188 3270 343 3330 conatur
354 3257 600 3352 cognitionem
612 3257 805 3323 Deorum.»
820 3251 892 3322 Ubi
901 3273 966 3346 per
983 3257 1089 3335 Deos,
1099 3248 1185 3319 deos

187 3373 266 3444 illos
274 3373 537 3468 Epicureorum
552 3365 597 3437 nd
617 3366 815 3436 humanam
833 3363 986 3462 figuram
1004 3365 1185 3459 composi-

189 3508 258 3585 toS,
268 3496 410 3594 pervim
422 3490 628 3575 animalem,
639 3483 768 3568 ζωτικὴν
779 3485 974 3557 manifesto
987 3486 1185 3583 intelligere

232 3770 272 3851 (il
287 3769 393 3830 Minue.
405 3768 498 3846 Felix,
514 3764 610 3827 Octav.
628 3786 681 3844 19:
700 3766 916 3846 «Speusippum
933 3763 1045 3843 (notum
1057 3763 1113 3842 est)
1127 3765 1185 3823 vim
1266 3837 1268 3844 Ι

193 3868 356 3947 animalem,
368 3887 427 3952 qpa
443 3865 540 3927 omnia
554 3875 704 3942 regantur,
718 3867 811 3923 Deum
828 3881 922 3925 nosse.
937 3889 947 3911 n
