3050 4760
617 433 694 506 (9)

157 563 231 637 'isla
253 571 350 638 enlm
368 595 375 636 τ
396 571 476 639 ἀλλὰ
490 575 692 665 προελθούσης
708 598 737 639 κ.
763 595 790 638 τ.
814 577 846 638 λ.
868 566 913 637 ab
928 559 1155 637 Aristotelico

163 682 344 753 scribendi
366 709 493 772 more,
519 688 698 782 praecipue
718 687 754 764 in
776 681 1047 779 Metaphysicis,
1075 685 1158 752 satis

162 804 297 892 aliena,
311 821 347 875 et
375 807 591 903 platonicam
613 805 808 903 quamdam
826 811 956 900 ἔμφασιν
975 807 1158 902 spirantia.

163 917 315 1006 Saltem,
336 944 419 990 cum
446 936 483 992 et
507 925 543 991 in
568 920 876 1019 pythagoreorum
905 917 1159 1017 superstitibus

164 1031 390 1128 fragmentis,
422 1041 521 1105 etin
553 1036 720 1133 plurimis
743 1060 824 1131 quae
852 1034 896 1104 de
923 1033 1160 1130 pythagorica

164 1146 396 1245 philosophia
413 1148 837 1240 habemus'testimoniis,
852 1147 941 1217 nihil
957 1145 1164 1242 quidquam·

164 1259 210 1328 de
237 1287 358 1332 rerum
390 1279 527 1334 naturae
556 1288 728 1360 processu
759 1276 948 1361 appareat,
977 1258 1086 1331 luisse
1122 1258 1159 1329 id

164 1378 355 1473 Speusippi
370 1383 562 1476 proprium
581 1377 714 1474 dogma
727 1376 971 1447 credibileest.
992 1377 1067 1445 Nec
1085 1371 1159 1443 lor·
1204 1425 1208 1431 -

168 1501 260 1559 tasse
276 1489 491 1580 absurdum,
511 1495 640 1589 siquis
666 1495 783 1589 prima
799 1490 860 1561 hic
881 1506 954 1560 tam
974 1488 1161 1560 celebratas

167 1632 187 1680 a
218 1613 485 1709 Neoplatonicis
510 1610 645 1711 προόδου
671 1617 771 1684 initia
796 1611 1066 1710 deprehendere
1093 1609 1162 1680 sibi
1191 1699 1195 1705 Ι

167 1720 341 1795 videatur.
555 1797 557 1804 ,

214 1841 342 1932 Itaque
356 1838 426 1910 hoc
439 1845 599 1936 primum
609 1844 811 1936 Speusippo
825 1840 1063 1936 cumPiatone
1077 1863 1162 1907 con-

165 1954 264 2020 venit
281 1953 381 2046 quod
408 1952 453 2022 de
478 1957 598 2051 primo
620 1977 740 2023 rerum
757 1952 950 2050 principio,
974 1951 1010 2021 id
1026 1965 1094 2040 est,
1117 1950 1162 2020 de

165 2068 243 2134 Deo
264 2065 544 2164 philosophatus
559 2083 628 2155 est;
649 2067 745 2138 unde
761 2068 941 2138 Aristoteli
970 2065 1162 2160 theologus

166 2175 376 2250 dicitur.'1n
403 2207 447 2252 eo
474 2197 637 2253 autema
665 2185 835 2277 magistro
857 2181 1040 2270 dissensit,
1060 2177 1162 2276 quod

164 2290 284 2367 Deum
302 2299 422 2391 ipsum
440 2320 557 2393 perse
575 2295 714 2366 bonum
733 2320 810 2366 esse
826 2289 989 2391 negavit.¹

150 2405 152 2408 ’
212 2413 332 2498 Quare
346 2413 462 2508 pergit
470 2410 675 2480 Aristoteles
689 2409 879 2506 theologos
892 2414 997 2499 istos,
1009 2407 1163 2503 aequales

59 2513 62 2518 ¹
163 2547 268 2611 suos,
297 2548 380 2594 curn
406 2523 585 2620 theologis
622 2525 691 2595 illis
714 2511 896 2595 veteribus
923 2521 1160 2608 conferend0,

162 2643 244 2734 qui,
270 2664 356 2709 cum
380 2640 460 2707 lovi
486 2643 732 2735 principatum
761 2652 798 2709 et
826 2639 1074 2709 excellentiam
1099 2642 1185 2727 tri-r

163 2751 335 2840 buerent,
369 2765 454 2820 ante
483 2755 609 2818 lovem
646 2774 768 2820 rerum
788 2756 906 2821 -initia
942 2766 1157 2848 posuerant,

161 2869 342 2950 Noctem,
373 2861 533 2949 Coelum,
561 2861 700 2951 Chaos,
735 2867 931 2935 Oceanum.
966 2863 1157 2935 Veteribus

162 2992 285 3049 autem
309 2975 486 3072 theologis
514 2977 613 3071 piria,
640 2991 682 3046 ut
713 2982 848 3075 poetis,
876 2978 1157 3075 theologumena

162 3117 229 3163 sua
262 3090 306 3162 ad
332 3092 496 3186 vulgares
530 3089 670 3162 fabulas
702 3093 978 3164 accommodare
1013 3117 1157 3164 necesse

162 3219 257 3293 erat,
282 3201 411 3274 labulae
443 3218 562 3274 autem
590 3218 769 3275 mutatum
795 3229 869 3275 non
899 3207 1007 3275 semel
1030 3203 1157 3274 mundi

162 3319 408 3415 principatum
422 3316 611 3406 canebant,
626 3317 786 3413 deosque
799 3316 844 3387 ab
853 3317 928 3387 aliis
943 3316 1030 3388 alios
1045 3339 1157 3412 regno

162 3432 348 3529 depulsos,
382 3430 550 3502 debuisse
587 3454 648 3501 eos
683 3437 800 3529 prima
835 3431 998 3529 quaedam
1036 3456 1175 3502 rerum-

162 3549 356 3643 principia,
392 3549 481 3616 citra
516 3551 753 3616 mutationem
786 3552 903 3644 posita
933 3552 1158 3642 excogitare,

95 3643 98 3648 ¹
162 3673 205 3727 ut
232 3664 454 3756 principatus
479 3665 527 3729 ita
546 3659 729 3756 dignitatis
753 3675 790 3731 et
813 3663 1005 3755 majestatis
1029 3661 1156 3731 divinae

162 3775 331 3866 expertia.
360 3777 433 3862 Qui
463 3787 583 3843 autem
605 3778 765 3870 primurn
790 3800 810 3844 a
834 3771 965 3844 fabulis
993 3773 1155 3843 decesse-

164 3898 269 3972 runt,
289 3885 411 3980 quales
427 3889 523 3982 Magi
537 3901 601 3956 aut
623 3885 864 3983 Pherecydes,
888 3891 1012 3983 primae
1033 3888 1153 3955 statim
