3050 4760
627 417 724 492 (¹⁹)

148 637 150 640 Ι
186 545 396 636 declaravit,
410 550 526 644 capite
540 546 670 616 deinde
688 547 709 618 8
729 559 889 616 mentem
908 549 1050 618 nonnisi
1068 569 1177 620 unam
1195 595 1197 602 ›

184 685 263 758 esse
280 659 513 756 significavit5
529 662 645 758 pergit
658 684 689 729 c.
706 685 741 755 9,
754 659 869 757 ipsam
887 655 994 758 primi
1011 655 1203 762 principii.

183 779 375 846 etiamtiam
384 789 508 846 actum
516 776 645 844 mentis¹
653 779 786 870 ipsum,
797 798 869 844 non
882 780 1082 871 potentiam
1090 801 1177 866 esse,

186 895 390 975 accuratius
414 888 707 962 demonstrando.
736 892 894 987 Quippe,
917 895 980 979 ait,
1014 897 1044 961 si
1072 893 1177 966 intel·

184 1004 300 1076 lectus
320 997 539 1101 principium
554 1002 651 1073 alind
673 1008 722 1073 sit
741 1027 782 1072 ac
797 1004 1108 1099 ipsaintellectio,
1130 1013 1179 1079 ita

185 1121 229 1178 nt
249 1112 327 1205 ejus
343 1117 588 1212 essentianon
604 1118 641 1206 in
657 1111 902 1206 intellectione
920 1118 1040 1184 statim
1059 1115 1122 1186 sed
1140 1121 1177 1187 in

186 1224 390 1311 intellectus
402 1230 576 1324 potentia,
592 1231 665 1296 sive
680 1238 812 1314 mente,
826 1227 890 1296 sita
900 1231 956 1314 sit,
973 1241 1051 1298 tum
1066 1227 1179 1318 mens,

187 1345 347 1438 primum
363 1345 598 1440 principium,
622 1365 696 1411 non
720 1345 788 1410 erit
807 1341 1006 1437 optimum3
1021 1347 1059 1413 in
1076 1339 1181 1418 intel·

185 1454 340 1526 lectione
373 1460 467 1525 enim
499 1456 577 1550 ejus
609 1454 837 1541 excellentia,
861 1459 998 1552 quippe
1028 1455 1064 1526 in
1095 1474 1177 1529 actn

186 1565 344 1653 honum,
363 1573 399 1639 in
417 1584 500 1639 actu
516 1574 661 1638 summo
680 1569 867 1637 summu'm
888 1563 1040 1639 b'onum.
1053 1575 1181 1668 Itaque

186 1706 267 1776 quae
282 1708 401 1781 snpra,
419 1682 548 1753 eodem
566 1680 678 1769 libro,
696 1706 727 1751 c.
742 1679 776 1769 6,
796 1705 831 1778 p.
849 1682 932 1766 246,
949 1681 994 1753 de
1014 1709 1057 1754 eo
1078 1685 1180 1781 quod

186 1810 288 1866 actus
306 1801 466 1894 potentia
480 1800 579 1892 prior
595 1798 651 1881 sit,
662 1797 906 1880 universatim,
925 1811 1051 1866 contra
1066 1803 1180 1896 Speu-

182 1913 331 2007 sippum
346 1909 613 1994 verisimillime,
629 1920 671 1977 ut
689 1904 855 2000 vidimus,
872 1913 1180 2003 pronuntiaverat,

182 2030 253 2106 οὐδ’
273 2032 314 2121 (ἡ
330 2035 417 2103 οὐσία
434 2037 519 2108 ἱκανὴ
545 2029 642 2117 ἔσται)
662 2033 687 2099 ei
705 2034 907 2126 iva'ppnoeml
930 2027 1057 2103 l’otrla
1084 2033 1180 2120 αὐτῆς

147 2243 150 2246 ,
182 2154 331 2253 δύναμις,
347 2155 472 2226 eadem
494 2154 571 2241 hic,
594 2177 686 2252 pene
703 2153 828 2225 iisdem
843 2154 982 2244 verbis,
998 2155 1043 2227 de
1061 2147 1181 2231 mente

185 2283 319 2379 repetit
345 2303 378 2375 p.
412 2276 533 2365 25A,l.
555 2276 706 2347 26ze'lta
727 2287 807 2364 voti,
839 2283 952 2348 τούτου
983 2274 1012 2348 δ’
1032 2279 1108 2352 ἄλλο
1131 2289 1181 2353 κύ-

185 2432 248 2500 ptov
281 2401 330 2488 (οὐ
348 2403 406 2498 γάρ
428 2407 494 2471 lert
522 2413 616 2472 τοῦτο
638 2404 756 2470 ὅέστιν
784 2407 913 2478 αὑτοῦὴ
935 2406 1041 2492 οὐσία,
1060 2408 1179 2493 νόησις,

187 2527 268 2596 att&
287 2519 447 2620 δύναμις),
466 2531 519 2594 οὐκ
541 2523 576 2593 izv
600 2533 618 2600 ἠ
638 2525 746 2619 ἀρίστη
767 2525 854 2594 οὐσία
879 2520 1013 2601 eta-'lat
1036 2527 1094 2624 γὰρ
1124 2541 1181 2599 τοῦ
1268 2542 1271 2549 ’

185 2659 263 2720 νοεῖν
277 2651 311 2719 τὸ
325 2650 425 2743 τίμιον
444 2652 528 2736 αὐτῷ
547 2649 688 2740 ὑπάρχει.
706 2647 781 2715 Nec
801 2643 921 2730 aliter,
941 2645 1069 2717 eodem
1088 2673 1182 2744 quo·

187 2789 260 2862 que
286 2762 399 2847 libre,
419 2773 498 2828 tum
525 2783 554 2826 c.
589 2756 630 2846 6,
657 2780 691 2852 p.
714 2755 796 2840 246,
819 2771 898 2825 tum
920 2777 950 2827 c.
973 2753 1013 2852 ς’),
1040 2784 1075 2856 p.
1097 2761 1182 2852 v1255,

190 2891 369 2961 mentem,
390 2869 485 2967 apud
514 2874 674 2969 primum
702 2893 820 2938 rerum
837 2873 1075 2966 principium,
1095 2874 1182 2945 nihil

190 3003 318 3090 praeter
333 3010 371 3056 se
385 2990 497 3083 ipsam
515 2983 711 3081 intelligere
724 2979 958 3071 demonstrat,
972 3003 1080 3079 quam
1097 2992 1182 3083 quia

189 3105 237 3176 ab
253 3103 392 3201 optimo
411 3099 554 3168 nonnisi
574 3102 755 3195 optimum
772 3096 922 3192 intelligi
951 3095 1138 3187 convenit,
1156 3107 1184 3172 si

187 3225 287 3292 enim
305 3239 407 3285 secus
421 3217 483 3301 sit,
498 3211 751 3284 intellectualis
765 3225 884 3298 actus,
900 3227 942 3281 ut
960 3227 1047 3308 pote
1065 3214 1109 3284 atl
1125 3239 1186 3312 pe·

187 3337 267 3432 jora
279 3331 540 3427 ‹lelapsns,n0n
548 3328 624 3422 jam
637 3329 819 3424 optimum
835 3323 923 3394 illud
943 3349 986 3394 ac
996 3351 1184 3399 summum

190 3453 489 3552 bonnmmiparov,
498 3442 748 3544 foret3'itaque
758 3461 834 3517 tota
844 3451 880 3515 in
891 3464 1187 3524 eoversaturova
1292 3437 1298 3444 “

190 3579 261 3669 tio,
272 3596 312 3651 ut
329 3585 401 3650 sive
420 3580 455 3648 in
468 3593 513 3670 τῷ
529 3599 616 3660 esse,
633 3578 706 3642 sive
725 3577 761 3640 in
775 3569 1009 3666 intelligendo
1024 3581 1185 3670 potentia

122 3711 126 3720 ’
193 3711 275 3767 actu
292 3703 336 3766 sit
357 3697 474 3793 prior,
501 3695 620 3783 sitque
638 3689 684 3754 ita
705 3688 865 3781 primum
885 3689 1104 3782 principium
1125 3712 1188 3784 po-

178 3816 304 3881 ’tentia
322 3807 504 3905 qnaevlam,
522 3828 596 3874 non
621 3814 722 3870 actus
736 3803 825 3896 ipse,
844 3811 1028 3868 sumntum
1044 3799 1186 3872 bonum

1050 3932 1077 3984 2.
