3050 4760
463 557 466 564 ,
794 473 871 548 (8)

341 591 457 679 mrum
478 606 650 701 idemque
668 603 821 675 conflata
836 606 1027 700 conjungi3
1049 611 1229 676 contraria
1248 605 1336 677 non-

239 795 242 802 ,
343 727 411 794 nisi
441 723 477 790 in
517 743 638 791 rerum
674 733 803 790 natura
836 717 992 816 prodire.
1027 723 1081 788 Do
1111 723 1335 818 Speusipp0,

258 849 260 856 '
344 851 467 906 utrum
483 838 662 904 contraria
681 837 834 929 eprirno
853 857 974 903 rerum
991 836 1172 929 principio
1187 859 1337 935 prorsus

344 949 548 1036 excluserit,
565 972 622 1034 an,
636 952 672 1017 in
691 973 734 1018 eo
747 972 897 1044 quoque
912 946 1169 1044 Pythagoricos
1182 962 1338 1036 secutus,

345 1063 590 1158 conjunxerit,
606 1061 696 1132 nihil
715 1061 937 1134 Aristoteles„
952 1061 1260 1132 verisimillimum
1285 1077 1338 1132 ta·

346 1201 448 1265 men,
475 1175 570 1250 ide'm
601 1179 802 1273 Speusippo
822 1199 863 1246 ac
888 1175 1133 1271 Pythagoricis
1151 1175 1337 1272 placuisse.

347 1293 494 1387 Quippe
505 1303 546 1358 ut
559 1287 610 1374 hi,
620 1291 671 1358 sic
684 1287 753 1376 ille,
766 1313 785 1359 a
798 1287 932 1384 plantis
945 1302 981 1359 et
995 1279 1211 1360 animalibus
1221 1312 1340 1359 exem·

345 1403 449 1500 plum
470 1400 655 1489 sumebat,
671 1400 806 1496 quibus
818 1405 976 1488 semina,
994 1400 1092 1472 unde
1111 1404 1253 1472 initium
1274 1401 1341 1472 ha·

346 1513 611 1615 bent‚'pulchri
627 1513 790 1609 bonique
805 1539 918 1584 causae
935 1530 1031 1585 sunt.
1066 1533 1068 1538 ·

397 1628 533 1699 Eodem
559 1630 716 1726 pertinet
744 1634 827 1698 Met.
856 1633 959 1717 XIV,
989 1627 1028 1717 5,
1057 1653 1092 1725 p.
1116 1627 1197 1717 302,
1223 1628 1245 1698 l.
1272 1653 1341 1723 ²7³

349 1759 415 1823 Οὐκ
434 1756 528 1848 ὀρθῶς
547 1745 577 1820 δ’
596 1749 804 1846 ὑπολαμὸοίνει
820 1746 886 1822 οὐδ’
913 1753 996 1832 εἴτις
1013 1748 1185 1846 παρεικίζει
1210 1753 1265 1832 τὰς
1288 1763 1344 1822 τοῦ

349 1882 423 1946 ὅλου
439 1876 534 1972 ἀρχὰς
556 1888 596 1970 τῇ
613 1885 675 1944 τῶν
692 1871 774 1956 ζώων
793 1877 844 1944 καὶ
863 1887 979 1970 φυτῶν,
993 1880 1043 1944 ὅτι
1058 1870 1091 1953 ἐξ
1108 1878 1257 1970 ἀοριστῶν
1275 1877 1345 1944 ιὶτε·

349 2009 411 2068 λῶν
424 1995 459 2068 δὲ
478 1987 567 2095 [leg.
588 1987 637 2093 τε]
660 1998 707 2066 ἀεὶ
721 1997 762 2067 τὰ
777 2001 961 2091 τελειότερα,
978 1992 1026 2066 διὸ
1051 2000 1102 2066 καὶ
1115 2001 1166 2067 ἐπὶ
1186 2007 1247 2067 τῶν
1262 2004 1344 2094 πρώ-

353 2151 414 2191 των
426 2127 524 2201 οὕτως
546 2126 623 2215 ἔχειν
644 2124 745 2216 φασίν.

402 2241 494 2325 Irn0,
511 2260 555 2305 ex
573 2240 680 2305 tertio
693 2260 804 2331 quem
819 2235 892 2306 huc
904 2235 1096 2308 afferemus
1108 2237 1200 2325 locu,
1217 2237 1346 2308 eodem

355 2352 539 2424 evidenter
568 2367 769 2450 spectante,
787 2378 808 2424 a
823 2357 1025 2451 Speusippo
1050 2357 1171 2450 potius
1196 2378 1307 2449 quam
1326 2379 1348 2423 a

354 2468 601 2564 Pythagoricis
623 2473 735 2538 istam
751 2470 860 2566 primi
886 2473 1051 2540 omnium
1074 2470 1242 2565 principii
1263 2493 1349 2540 cum

355 2585 593 2653 animantium
609 2583 717 2652 initiis
730 2586 1038 2680 comparationem
1056 2582 1255 2653 institutam
1272 2605 1350 2651 esse

357 2699 441 2766 satis
469 2693 658 2799 probahile
686 2710 740 2765 est
765 2701 848 2765 Met.
876 2699 975 2780 XlV,
1001 2698 1036 2780 4,
1065 2718 1100 2790 p.
1129 2693 1216 2783 300,
1239 2693 1262 2762 l.
1284 2691 1349 2764 25:

357 2805 432 2914 liget
459 2812 489 2886 δ’
516 2817 644 2912 ἀπορίαν
677 2820 728 2892 καὶ
761 2825 961 2918 εὐπορήσαντι
983 2819 1171 2911 ἐπιτίμησιν,
1196 2828 1261 2898 πῶς
1289 2821 1352 2909 ἔχει

358 2945 432 3036 πρὸς
454 2945 491 3009 τὸ
510 2944 624 3035 ἀγαθὸν
646 2942 746 3010 καὶτὸ
760 2943 851 3009 καλὸν
880 2940 921 3009 τὰ
948 2949 1085 3033 στοιχεῖα
1114 2942 1165 3009 καὶ
1192 2941 1224 3008 αἱ
1241 2942 1351 3033 ἀρχαὶ,

358 3066 486 3154 ἀπορίαν
509 3067 561 3154 μὲν
589 3069 706 3138 ταύτην
730 3066 856 3157 πότερόν
876 3067 941 3131 ἐστί
958 3089 990 3129 τε
1008 3064 1126 3132 ἐκείνων
1156 3062 1216 3131 οἷον
1238 3065 1351 3149 βουλό-

359 3188 436 3280 μεθα
453 3188 553 3279 λέγειν
577 3188 653 3252 αὐτὸ
681 3188 717 3253 τὸ
740 3187 851 3278 ἀγαθὸν
874 3184 927 3251 καὶ
955 3185 993 3251 τὸ
1014 3183 1151 3278 ἄριστον,
1174 3187 1192 3261 ἢ
1215 3185 1261 3270 οὓ,
1283 3187 1352 3253 ἀλλ’

358 3318 551 3405 ὑστερογενῆ.
583 3307 674 3402 Παρὰ
699 3313 752 3402 μὲν
774 3309 832 3404 γὰρ
867 3319 930 3375 τῶν
957 3309 1104 3402 θεολόγων
1128 3311 1221 3376 ἔοικεν
1242 3315 1354 3401 ὁμολο-

359 3435 474 3528 γεῖσθαι
490 3444 553 3500 τῶν
571 3443 621 3516 νῦν
636 3432 741 3517 τισίν,
764 3431 792 3500 οἳ
812 3436 847 3499 οὔ
862 3457 965 3525 φασιν,
987 3430 1067 3499 ἀλλὰ
1079 3435 1280 3526 προελθούσης
1295 3443 1353 3512 τῆς

359 3563 422 3622 τῶν
450 3555 545 3622 ὅντων
570 3558 685 3648 ρύσεως
703 3555 755 3623 καὶ
777 3555 813 3622 τὸ
840 3555 953 3649 ἀγαθὸν
980 3555 1032 3623 καὶ
1056 3557 1091 3622 τὸ
1120 3555 1213 3623 καλὸν
1244 3556 1355 3647 ε’μραί-

353 3667 471 3746 ’νεσθαο
504 3680 571 3746 Per
612 3674 801 3770 theologos
836 3679 925 3746 istos
963 3674 1154 3772 significari
1183 3679 1254 3756 τοὺς
1286 3679 1355 3771 περὶ
1404 3730 1407 3737 .

360 3804 567 3888 Σπεύσιππον,
586 3803 685 3869 exiis
704 3824 783 3895 qum
803 3799 911 3870 modo
928 3800 1114 3868 attulimus
1130 3811 1240 3896 patet.
1255 3799 1355 3885 Quin

359 3919 438 4016 ipsa
456 3917 646 4011 Speusippi
664 3913 774 3984 verba
794 3912 851 3983 hic
866 3913 975 3984 latere
990 3911 1093 3984 facile
1118 3909 1351 3984 crediderim:
