3050 4760
826 408 904 484 (⁴)

368 542 613 626 nominentur,
623 552 795 636 spectare.
810 541 992 627 Quoniam
1007 565 1097 611 vero
1111 541 1209 612 bunc
1226 548 1363 615 Aristo-

370 657 454 726 teles
471 670 527 726 ter
542 654 586 724 de
602 657 728 750 primis
745 656 931 750 principiis
948 655 1087 743 laudat,
1105 655 1161 726 bis
1173 657 1305 729 scilicet
1323 664 1360 728 in

367 769 642 868 MetaphysiciS,
683 774 720 837 in
765 767 900 838 Ethicis
945 771 1195 840 Nicomacheis
1230 773 1359 860 semel,
1447 859 1453 876 ι

365 888 424 954 vix
463 879 705 953 dubitandum
741 881 902 969 videtur,
937 885 1024 976 quin
1064 882 1168 978 plura
1203 889 1239 953 in
1285 891 1359 956 Me·

366 996 583 1096 taphysio'S,
621 1019 706 1065 cum
740 992 857 1064 tribus'
888 994 977 1064 locis
999 998 1089 1064 istis
1120 996 1358 1084 conlerend0,

365 1111 410 1183 ad
426 1115 667 1208 Speusippum
689 1107 876 1180 referenda
898 1135 974 1180 esse
987 1114 1212 1181 inveniamus
1234 1127 1270 1182 et
1300 1112 1360 1206 de·

365 1230 618 1316 monstremus.
641 1223 751 1314 Quod
771 1227 801 1293 si
819 1228 1046 1312 successerit,
1066 1225 1203 1320 aliquid
1220 1252 1292 1297 non
1313 1227 1358 1297 ad

364 1341 553 1438 Speusippi
569 1324 710 1410 tantum
733 1339 795 1408 sed
816 1353 851 1408 et
867 1338 912 1408 ad
931 1325 1198 1409 Platonicorum
1215 1365 1359 1437 genera-

362 1460 428 1525 tim
454 1455 820 1550 Platonisque-ipsius
843 1452 1057 1548 dogmatum
1077 1459 1242 1525 notitiam
1271 1480 1359 1526 con·

362 1569 567 1653 tulerimus,
587 1566 720 1662 aliquid
735 1565 778 1635 ad
792 1565 1044 1637 obscuriorum
1058 1568 1305 1639 obscurissimi
1322 1585 1358 1639 et

361 1684 559 1778 gravissimi
584 1680 691 1751 simul
717 1681 917 1750 Aristotelis
944 1680 1027 1751 libri
1057 1685 1214 1779 partium
1246 1689 1359 1757 inter·

361 1799 614 1894 pretationem.
630 1802 802 1866 Praeterea
817 1795 907 1890 quid
920 1796 1034 1867 valeat
1052 1796 1098 1866 ad
1118 1797 1360 1896 philosophice

361 1913 557 2008 praesertim
591 1909 777 1979 historiam
808 1910 1004 2002 conjuncta
1033 1934 1117 1994 cum
1143 1916 1358 2008 interpreta-

360 2026 460 2114 tione
490 2023 728 2116 conjectatio,
759 2025 797 2090 in
829 2047 904 2092 uno
929 2023 1094 2119 exemplo
1127 2024 1359 2120 aliquatenus

361 2139 599 2234 experiemur.

748 2295 749 2302 ’
836 2283 881 2348 ΙΙ.

417 2501 443 2543 r.
469 2475 567 2544 Plato
586 2476 634 2542 ita
653 2471 698 2541 de
724 2476 849 2569 primis
877 2498 998 2544 rerum
1016 2477 1200 2570 principiis
1226 2477 1357 2544 sentie-

361 2588 446 2658 bat:
465 2601 594 2686 praeter
608 2611 664 2656 res
679 2587 876 2682 singulares
891 2587 1056 2659 sensibus
1071 2585 1262 2684 subjectas,
1281 2612 1361 2658 esse

361 2728 483 2798 rerum
506 2706 658 2798 species,
679 2725 769 2796 quas
786 2699 886 2770 ideas
905 2701 1075 2788 vocabam
1103 2726 1259 2796 quarum
1275 2724 1357 2797 par·

361 2821 571 2914 ticipatione
587 2829 622 2886 et
641 2841 775 2886 nomen
794 2829 831 2887 et
846 2843 923 2886 esse
937 2842 1046 2886 suum
1069 2840 1125 2885 res
1145 2814 1278 2885 habere
1292 2815 1357 2909 (ι).

363 2933 484 3018 Quare
497 2929 594 2998 ideas
604 2953 726 2998 rerum
742 2928 979 3024 singularium
992 2932 1170 3026 principia
1184 2943 1220 2997 et
1233 2952 1360 2998 causas

362 3074 449 3119 esse.
475 3049 640 3119 idearum
660 3051 914 3146 principium,
948 3064 984 3118 et
1016 3053 1119 3145 quasi
1153 3045 1232 3130 εἶδος
1267 3045 1360 3120 ellos

362 3187 439 3233 esse
456 3166 545 3232 Boni
567 3160 701 3249 ideam,
723 3164 796 3232 sive
813 3167 955 3232 Bonum
974 3185 1039 3258 per
1062 3187 1118 3250 se3
1145 3168 1268 3257 itaque
1292 3169 1360 3232 Bo-

365 3303 454 3346 num
472 3282 635 3346 omnium
650 3300 725 3346 esse
742 3299 886 3346 causam
904 3288 940 3344 et
958 3274 1125 3371 fontem(
1152 3283 1174 3371 ).

403 3503 442 3580 (ι)
463 3504 534 3560 Plat.
550 3505 664 3576 Phoed,
680 3523 730 3580 pp.
754 3523 808 3560 102
830 3485 868 3575 b,
893 3507 946 3562 103
961 3505 996 3578 b;
1016 3507 1148 3576 Pnoen„
1175 3525 1226 3582 pp.
1247 3505 1301 3574 341
1321 3504 1361 3576 h,

366 3604 423 3669 346
437 3621 471 3673 c,
487 3601 543 3658 358
558 3621 590 3669 :13
610 3603 730 3672 Thema,
746 3621 775 3678 p.
794 3602 868 3669 132,
886 3623 909 3661 e.
922 3603 1043 3662 Aristot.
1058 3604 1192 3678 Metopli.
1205 3606 1218 3659 1
1231 3643 1239 3671 ‚
1255 3621 1361 3684 ppo,

364 3700 383 3755 l.
404 3701 455 3771 18,
469 3699 576 3757 Brand.

404 3797 442 3874 (α)
463 3797 547 3873 Plat,
559 3800 596 3852 de
608 3800 689 3871 nep,
700 3800 758 3868 vl,
775 3794 850 3869 5⁰53
869 3801 931 3867 VII,
949 3798 1017 3870 517,
1034 3798 1100 3855 532.
1117 3795 1254 3870 Aristot,
1267 3799 1360 3864 Met,

240 3953 244 3960 .
272 3885 275 3893 ’
364 3897 431 3964 XII,
447 3913 477 3969 p.
492 3893 561 3964 257,
574 3893 593 3949 l.
614 3912 639 3948 1.
