3050 4760
602 422 667 493 ut

134 567 188 636 uis
211 582 340 637 natura
369 570 434 655 sit,
455 589 530 636 non
551 581 672 636 autem
698 566 895 638 multitudo
922 570 1030 662 mali,
1049 571 1127 644 fore

132 697 174 752 ut
191 686 337 756 nonnisi
357 683 610 780 progrediente
625 707 690 779 per
708 707 830 754 rerum
851 699 1019 758 naturam
1035 689 1126 764 mul·

133 795 308 886 titudine,
321 796 457 866 malum
479 801 590 892 magis
614 801 798 892 magisque
813 803 985 887 emineat,
1006 801 1091 874 licet
1106 829 1127 874 a

131 909 232 981 bono
255 915 367 1007 magis
391 917 576 1009 magisque
592 926 815 1009 superatum.
838 919 884 984 Et
911 939 990 996 eam
1019 915 1129 987 fuisse

131 1027 325 1122 Speusippi
363 1031 578 1097 seutentiam
609 1031 755 1096 scimus.
777 1028 1007 1117 Quibuscum
1038 1035 1129 1102 mire

133 1141 355 1208 conveniunt
373 1140 661 1244 haec.Aristotclis
677 1145 760 1211 Met.
784 1133 868 1225 xit,
896 1167 956 1232 ro,
973 1168 1009 1240 p.
1033 1146 1129 1237 256,

133 1249 155 1319 l.
167 1275 228 1346 29:
246 1251 425 1346 quosdam
440 1251 548 1322 fuisse
558 1253 638 1346 qui,
654 1277 737 1321 cum
752 1253 852 1324 Pluto
864 1255 999 1325 malum
1009 1253 1131 1353 ipsum
1146 1307 1148 1312 -

134 1369 356 1462 epriucipiis
368 1391 481 1436 unum
498 1363 650 1453 fecisset,
666 1390 686 1436 a
700 1371 887 1463 principiis
900 1383 977 1437 tum
989 1367 1130 1442 bonum
1145 1367 1148 1372 ⁵

134 1493 213 1548 tum
224 1480 358 1551 malum
372 1494 601 1559 amoverent:
617 1493 651 1559 τὸ
661 1490 719 1586 γὰρ
727 1495 822 1560 κακὸν
831 1495 907 1561 αὐτὸ
918 1488 1133 1579 (secundum

134 1603 334 1708 Plaiffllem)
350 1617 474 1709 θάτερον
492 1624 554 1683 τῶν
572 1614 740 1706 στοιχείων.
760 1616 800 1684 Οἱ
813 1608 841 1681 d'
852 1613 941 1683 ἄλλοι
959 1608 1021 1684 otid’
1037 1615 1133 1710 ἀρχὰς

64 1730 73 1737 ’
135 1737 172 1803 τὸ
192 1737 305 1830 ἀγαθὸν
324 1738 375 1806 καὶ
398 1742 436 1805 τὸ
456 1737 562 1804 κακόν.

185 1851 352 1945 Denique
361 1848 461 1945 quod
477 1845 868 1945 Speusippiproprinm
884 1845 1134 1942 dogmafuisse

133 1973 304 2039 novimus
346 1969 390 2039 de
416 1994 537 2039 rerum
574 1983 710 2042 uaturae
730 1963 855 2065 προόδῳ
884 1967 1060 2064 quadam,
1094 1971 1133 2035 iu
1220 1981 1223 1988 '

137 2083 193 2152 his
216 2087 342 2170 etiam,
363 2108 407 2153 eo
427 2109 536 2180 quem
560 2097 757 2157 tractamus
783 2083 865 2154 libri
884 2071 1135 2179 quartidecimi

137 2204 231 2290 loce,
241 2203 513 2304 deprehendere
526 2223 601 2278 est:
622 2212 685 2280 ἐπεὶ
700 2205 731 2280 δ’
750 2206 781 2290 ἐξ
801 2209 944 2280 ἐναντίων
964 2216 983 2284 ἡ
1003 2211 1133 2302 γένεσις,

137 2330 174 2398 τὸ
186 2330 280 2396 κακὸν
291 2334 346 2406 τὴν
365 2343 418 2398 τοῦ
438 2335 570 2412 πλήθους
585 2337 672 2425 φύσιν
692 2333 778 2403 εἶναι.
806 2335 950 2430 Quippe
973 2355 1046 2398 non
1069 2331 1137 2396 nisi

137 2445 177 2510 in
195 2464 316 2509 rerum
330 2448 561 2537 generatione
579 2448 777 2534 contraria,
794 2445 949 2545 proinde
969 2443 1136 2513 multitu·

138 2552 281 2644 dinem,
308 2556 344 2625 in
367 2559 600 2630 multitudine
627 2576 748 2632 autem
769 2559 853 2631 m‘aii
871 2573 1036 2629 naturam
1052 2580 1135 2653 pro·

139 2665 218 2738 dire
235 2673 385 2740 censuit.

198 3283 226 3326 r.
253 3259 413 3326 Mentem
443 3257 514 3325 Uni
537 3279 556 3324 a
575 3257 778 3352 Speusippo
798 3251 1001 3347 ablegatam
1025 3251 1135 3323 fuisse

143 3371 275 3446 confici
291 3386 443 3471 poteste
458 3371 541 3441 loco
552 3370 628 3464 jam
640 3365 921 3468 supralauda10‚
944 3374 1027 3438 Met.
1042 3372 1137 3458 XIV,

144 3493 184 3576 Δ,
215 3509 250 3584 p.
286 3485 411 3572 381‚t.
439 3483 505 3567 15;
538 3482 590 3552 ibi
609 3489 706 3552 enim
729 3508 811 3553 cum
839 3507 883 3554 eo
912 3508 985 3554 nou
1021 3481 1137 3554 facere

144 3599 369 3696 significatur
402 3603 662 3692 Anaxagoras,
706 3601 820 3668 Menti
859 3600 1028 3694 principii
1057 3613 1156 3693 par·'

147 3730 202 3784 tes
227 3713 401 3786 tribuens.
416 3709 524 3802 Quod
551 3707 716 3806 quidem,
749 3733 815 3779 nec
840 3712 961 3777 minus
993 3732 1033 3777 ea
1057 3732 1136 3802 quae

147 3842 232 3899 ante
247 3852 265 3898 a
287 3828 393 3900 nobis
406 3823 502 3895 dicta
517 3837 613 3911 suut,
626 3821 818 3894 confirmat
828 3820 999 3907 Stobaeus,
1015 3819 1136 3920 Ecdrg.

1003 3953 1020 4002 2
