3050 4760
826 391 923 467 (³⁴)

388 539 516 629 ἀριθμοῦ
534 534 591 603 xoei'
604 537 656 603 τὸν
674 536 886 628 μαθηματικὸν
900 536 1055 611 ἐποίησαν.
1072 523 1124 595 Cf·
1138 550 1175 624 p.
1191 527 1274 615 ²86,
1284 530 1306 599 l.
1326 556 1383 628 29,

388 649 459 722 etl.
475 651 571 730 XIV,
588 670 619 716 c.
640 672 673 733 α,
691 670 725 742 p.
747 670 829 743 297,
851 646 887 717 lt.
903 651 974 744 4-7.

432 768 529 859 Ergo
558 759 709 832 ideolem
748 761 907 832 Platonis
944 762 1124 836 mundum
1158 769 1381 866 Speusippus

387 901 538 986 prorsus
575 873 747 961 abolens
777 875 878 970 quod
912 876 1072 950 medinm
1098 876 1231 950 fecerat
1266 882 1381 969 Pisto,
1499 971 1500 976 Ἰ

390 995 549 1089 primum
566 987 660 1066 fecit.

391 1163 394 1170 .
437 1104 472 1176 6.
497 1103 657 1189 Idcirc0,
675 1107 769 1178 inter
781 1109 942 1202 primum
963 1108 1183 1204 principium
1205 1111 1326 1182 Unum
1346 1125 1383 1180 et
1499 1193 1500 1200 p

342 1299 348 1310 ,
388 1243 560 1300 numeros
584 1244 656 1298 non
678 1218 803 1291 eadem
822 1223 1025 1319 Speusippo
1051 1245 1093 1296 ac
1120 1220 1260 1296 Platoni
1290 1227 1383 1294 ratio

388 1333 588 1412 intercedit.
629 1333 730 1411 Plato
762 1335 886 1408 Unum
920 1338 1024 1430 quasi
1053 1339 1211 1432 primam
1245 1335 1382 1421 ideam,
1459 1359 1461 1362 ·

387 1454 624 1547 primumque
645 1445 796 1518 idealern
823 1472 1020 1524 nnmerum
1041 1447 1175 1524 iecerat
1191 1476 1200 1536 3
1218 1452 1385 1548 Speusip·

389 1586 469 1660 pus,
482 1585 565 1630 cnm
578 1581 752 1629 numeros
767 1561 834 1630 nisi
845 1559 1122 1636 mathematicos
1137 1561 1255 1636 nultos
1267 1587 1381 1658 ugno-

390 1687 521 1759 sceret,
535 1675 659 1741 Unum
676 1693 870 1742 numerum
889 1677 1034 1767 negavit
1055 1696 1150 1758 esse,
1167 1687 1203 1750 et
1221 1697 1242 1746 a
1263 1679 1382 1772 primo

389 1809 628 1858 numerorum
655 1809 748 1870 nno,
779 1788 853 1855 sive
881 1786 1054 1874 monade,
1086 1787 1270 1862 divorsum
1307 1814 1384 1862 esse

388 1900 584 1980 contendit.
606 1902 673 1968 Hic
702 1901 826 1992 itaque
849 1898 1076 1987 Aristoteles,
1102 1924 1179 1986 cur,
1199 1902 1337 1996 inquit,
1353 1905 1382 1972 si

388 2032 472 2090 ante
493 2011 648 2089 monada
666 2015 791 2081 Unum
809 2009 995 2104 quoddam
1013 2035 1080 2109 per
1105 2037 1143 2086 se
1161 2013 1225 2099 sit,
1247 2037 1321 2089 non
1346 2028 1383 2086 et

389 2147 471 2208 ante
489 2129 563 2199 duo
582 2131 677 2220 Dyas
692 2148 756 2220 per
779 2147 832 2208 se,
855 2139 937 2194 ante
950 2138 1022 2204 tres
1038 2131 1139 2198 Trias
1153 2149 1219 2222 per
1237 2151 1286 2214 se,
1304 2129 1382 2204 otc?

388 2248 442 2312 Ita
469 2255 510 2311 ut
531 2241 642 2332 magis
667 2259 790 2313 secum
815 2250 1071 2326 consentanea,
1095 2237 1177 2318 licet
1204 2239 1288 2313 alias
1314 2239 1380 2315 ab·

389 2353 549 2436 surdior,
580 2372 818 2430 numerorum
852 2347 1021 2424 idealium
1054 2349 1220 2428 doctrina
1252 2349 1380 2440 fuerit3

388 2476 472 2542 Met.
491 2466 640 2550 X111‚8‚
659 2488 695 2561 p.
714 2463 838 2558 278‚l.
864 2462 923 2538 13:
950 2457 1076 2546 Ᾰνοπον
1102 2475 1161 2570 γὰρ
1191 2479 1229 2545 τὸ
1260 2477 1289 2556 ἓν
1327 2481 1379 2572 pir

388 2598 463 2670 situi
478 2627 509 2668 τι
526 2606 648 2692 πρῶτον
665 2605 726 2663 τῶν
747 2601 830 2677 ἑνῶν,
851 2600 951 2689 ὥσπερ
974 2599 1079 2666 ἐκεῖνοί
1098 2622 1188 2689 φασι,
1214 2591 1321 2674 δυάδα
1347 2594 1381 2668 tt

388 2727 450 2792 τῶν
471 2713 594 2789 δυάδων
616 2720 696 2811 μή...
711 2716 749 2786 Ei
765 2709 802 2784 δι’
819 2719 887 2792 ἐστι
905 2718 941 2785 τὸ
960 2716 989 2785 ἓν
1006 2717 1084 2812 ἀρχὴ
1098 2772 1107 2806 ,
1123 2721 1238 2814 ἀνάγκη
1264 2728 1381 2813 μᾶλλον

388 2853 489 2938 ὥσπερ
504 2839 643 2914 Πλάτων
662 2834 763 2932 ἔλεγεν
782 2841 860 2930 ἔχειν
880 2838 921 2907 τὰ
936 2841 1005 2934 περὶ
1020 2845 1090 2921 τοὺς
1111 2842 1256 2936 ἀριθμοὺς
1266 2871 1296 2911 κ.
1308 2871 1338 2913 τ.
1348 2853 1379 2914 λ.

387 2962 452 3038 Isti
468 2960 562 3032 enim
577 2965 750 3043 ειεῑῃωιῑ
763 2975 805 3028 cx
820 2951 1070 3047 superioribus
1087 2953 1221 3050 liquet,
1232 2956 1261 3040 ⁴ii
1278 2973 1382 3044 sunt,

387 3080 452 3171 qui
467 3073 741 3150 mathematicos
749 3067 980 3150 solummodo
992 3097 1166 3152 numeros
1180 3075 1381 3170 ponebant3

387 3211 481 3284 qnos
496 3198 566 3277 τοὺς
581 3197 649 3291 sipi
661 3197 854 3274 Σπεύσιππον
867 3208 944 3256 esse
956 3182 1295 3268 demonstravimus,

437 3335 470 3405 7.
504 3314 700 3396 Caeterum,
728 3324 770 3380 ut
797 3310 983 3394 Plutonem
1007 3303 1304 3404 platonicosque‚
1333 3313 1383 3382 ita

387 3425 629 3520 Speusippum
661 3421 839 3517 significat
867 3420 1091 3508 Aristoteles,
1120 3445 1195 3516 quo
1225 3437 1334 3517 pacto
1364 3448 1383 3493 e

387 3559 626 3608 numerorum
662 3539 848 3638 principiis
882 3539 1026 3612 numeri
1057 3533 1308 3627 efficerentur,
1337 3563 1380 3618 an

387 3653 559 3722 mixtione
575 3664 611 3720 et
624 3664 926 3747 temperamento¹
941 3675 986 3721 an
1001 3652 1192 3749 positione,
1210 3673 1256 3718 an
1277 3675 1382 3746 gene·

386 3767 538 3850 ratione,
554 3769 590 3831 in
608 3761 780 3858 ambiguo
797 3765 991 3860 reliquisse.
1005 3761 1263 3856 Pythagoricos
1275 3763 1320 3834 de
1339 3789 1379 3835 ea
