3050 4760
592 511 600 587 (
622 521 661 572 tt·
682 513 690 589 l
725 547 732 560 ·

157 641 208 716 ad
223 647 466 743 Speusippum
484 643 665 740 pertinere
695 654 775 711 tum
794 661 838 710 ex
859 662 898 708 se
916 637 1149 722 manifestum

157 773 228 847 est,
257 773 333 829 tum
362 782 403 828 ex
435 754 638 861 admodum
650 755 756 825 simili
771 754 872 843 loco,
888 777 963 850 quo
979 753 1024 825 de
1039 757 1151 851 Speu-

155 875 262 971 sippo
289 876 344 968 agi
375 884 479 942 antea
509 868 838 941 demonstravimus
866 874 949 938 Met.
965 871 1052 956 XII,
1089 891 1150 953 ιο,

149 1012 185 1084 p-
208 985 296 1074 258,
313 986 336 1056 l·
360 983 474 1062 1520t
495 988 530 1062 δὲ
550 998 693 1090 λέγοντες
717 996 770 1064 τὸν
793 995 922 1088 ἀριθμὸν
940 993 1075 1088 τρῶτοκ
1093 995 1151 1060 τὸν

148 1119 362 1212 μαθηματικὸν
388 1120 440 1187 καὶ
467 1121 568 1198 οὕτως
589 1118 636 1185 ἀεὶ
662 1115 758 1191 ἄλλην
783 1121 939 1210 ἐχομένηη
961 1117 1065 1184 οὐσίαν
1095 1115 1149 1184 καὶ

148 1230 245 1336 ἀρχὰς
259 1242 391 1321 ἑκάστης
411 1239 523 1328 ἄλλας,
541 1233 744 1315 ἐπεισοδιώδη
765 1247 821 1316 τὴν
839 1251 894 1308 τοῦ
913 1241 1029 1317 παντὸς
1043 1240 1152 1307 οὐσίαν
1254 1251 1261 1270 ·

147 1376 285 1433 ποιοῦσιν
302 1361 399 1449 (οὐθὲν
415 1363 473 1462 γὰρ
497 1372 515 1440 η“
529 1369 619 1459 ἑτέρα
641 1375 680 1458 τῇ
697 1366 787 1458 ἑτέρα
804 1357 1016 1456 συμὸσΐλὶρται
1035 1359 1143 1439 οὖσαῆ

147 1491 189 1579 μὴ
210 1477 312 1580 οὖσα),
335 1487 387 1556 καὶ
408 1487 643 1596 ἀρχὰςπολλοὶς.

196 1603 238 1668 in
267 1603 512 1698 Speusippum
541 1625 627 1696 ergo
648 1600 853 1686 intenditur
880 1613 917 1670 et
948 1603 1051 1695 quasi
1073 1613 1148 1668 tor

147 1726 284 1807 quetur
314 1714 524 1782 notissimus
555 1712 631 1800 hic,
653 1715 716 1808 qui
752 1716 872 1782 statim
897 1705 1145 1828 subsequitur,

146 1823 332 1954 praecleri
324 1827 428 1896 istius
445 1824 651 1896 duodecimi
667 1825 750 1896 libri
765 1825 950 1922 epilogus
963 1834 1011 1903 'ld
1022 1828 1084 1902 tt
1067 1861 1147 1903 οντα

145 1983 178 2025 ου
165 1962 333 2044 ’βούλεται
351 1957 563 2026 πολιτευεσθαι
582 1969 696 2040 κακῶς

199 2082 267 2148 Οὐκ
287 2073 414 2173 Ι’ὃιγαθὸη
452 2079 694 2173 πολυκοιρανίη·
730 2075 772 2160 εἷς
806 2079 941 2175 κοίρανος
974 2081 1069 2148 ἔστω.

612 2371 674 2437 ΙΧ.

195 2665 223 2712 r.
246 2647 331 2714 Post
355 2645 658 2742 magnitudinem,
681 2649 830 2716 tertium
856 2643 903 2714 ab
925 2647 1142 2742 Uno-Speu·
1262 2681 1268 2694 -

144 2753 269 2849 sippus
285 2759 446 2825 animum
455 2768 635 2852 posuerat.
648 2753 746 2842 Quid
755 2766 876 2825 autem
887 2750 932 2822 de
949 2757 1061 2823 animi
1079 2777 1153 2824 na·-

145 2879 227 2935 tura
245 2870 414 2955 senserit,
429 2867 518 2937 nihil
541 2891 695 2962 usquam
714 2865 811 2964 apud
830 2865 1076 2953 Aristotelem,
1092 2890 1142 2937 ne

142 2982 178 3048 in
201 2979 270 3050 illis
301 2980 450 3076 quidem
473 2981 516 3051 de
538 2984 675 3052 Anima
696 2981 815 3066 libris,
836 2993 899 3051 aut
926 3005 1138 3077 expressum

140 3107 205 3162 aut
222 3077 709 3193 indicatum'deprehendere
727 3094 817 3166 mihi
828 3093 964 3165 videor.

191 3231 223 3276 ο.
241 3205 311 3278 Sed
331 3205 596 3304 perobscurum
610 3208 801 3281 Iamblichi
817 3207 862 3280 de
883 3233 922 3278 ea
950 3231 990 3278 re
1014 3208 1136 3278 locum

142 3331 283 3390 tentare
296 3319 420 3408 liceat,
434 3323 587 3417 siquam
606 3321 700 3394 forte
714 3346 757 3392 ee
771 3346 870 3418 quae,
883 3345 927 3391 ex
944 3321 1136 3392 Aristotele

139 3439 357 3529 praesertim,
377 3434 423 3505 de
433 3440 633 3535 ,Speusippi
649 3437 801 3536 placitisx
815 3449 1001 3534 comperta
1024 3433 1135 3508 habe·

138 3569 220 3628 mus
234 3547 353 3618 lucem
370 3547 536 3620 afferant.
866 3633 868 3638 ¹

187 3663 331 3736 Scilicet
373 3664 596 3736 lamblichus
638 3667 735 3766 apud
773 3666 978 3754 Stobaeum,
1010 3668 1135 3766 Eclog

132 3775 304 3870 Physw
267 3782 283 3846 Ῑ
337 3804 374 3848 1:
392 3780 509 3860 Est
461 3783 509 3858 ἰδέ
510 3819 529 3882 ᾳ
548 3817 603 3860 του
625 3793 732 3888 πάντῃ
750 3785 920 3880 διαστατοῦ
943 3779 1014 3879 (τὴν
1032 3789 1131 3884 ψυχὴν

138 3901 241 3995 εἶναι),
261 3913 466 3995 Σπεύσιππος.
