3050 4760
599 409 695 485 (13)

159 577 201 622 ex
219 553 368 622 homine
389 543 529 635 semem
549 549 705 645 ἄνθρωπος
730 549 884 644 ἄνθρωπον
900 560 999 646 γεννᾷ.
1017 553 1150 624 Eadem

158 692 242 737 vero
269 664 426 736 formula
445 668 481 732 in
504 667 574 734 isto
592 688 700 761 supra
724 667 834 733 citato
856 663 937 734 loeo
959 671 1153 763 reperitur,

157 779 322 874 quemad
338 781 583 876 Speusippum
603 781 783 874 pertinere
801 775 1149 867 demenso-avinius,

156 905 245 971 Met.
265 903 360 986 XIV,
389 897 427 988 5,
442 926 475 997 p.
501 897 590 989 303,
615 900 636 968 Ι.
668 925 677 969 1
704 925 711 964 :
739 885 1150 998 dvdpouogpdp'd'vdpouov

157 1032 259 1120 γεννᾷ,
278 1027 329 1093 καὶ
344 1029 398 1093 οὐκ
411 1028 476 1092 ἔστι
491 1028 528 1092 τὸ
554 1030 676 1120 σπέρμα
689 1036 821 1118 πρῶτον.
832 1023 964 1095 Eadem
983 1027 1019 1092 in
1038 1024 1151 1094 altero

157 1139 218 1208 iilo
237 1162 312 1233 quo
331 1141 553 1233 Speusippus
574 1162 650 1206 non
668 1139 891 1232 significatur
915 1153 1068 1226 tantum,
1088 1138 1150 1209 sed

159 1255 374 1334 nominatim
400 1250 584 1338 laudatur,
610 1257 689 1320 Met.
709 1256 785 1335 XII,
812 1278 850 1349 7,
875 1277 911 1349 p.
929 1257 1017 1348 τάς),
1039 1253 1062 1321 l.
1085 1251 1150 1322 25:

157 1380 203 1443 Τὸ
224 1384 346 1470 πρῶτον
365 1379 398 1441 οὐ
422 1377 544 1466 σπέρμα
567 1375 667 1458 ἐστὶν,
683 1376 763 1443 ἀλλὰ
785 1380 822 1444 τὸ
843 1380 973 1461 adama,
995 1375 1054 1443 οἷον
1071 1378 1150 1471 πρό-

158 1524 244 1588 τερον
268 1493 425 1590 ἄνθρωπον
445 1492 480 1562 ἂν
501 1494 573 1588 φαίη
596 1497 643 1576 τίς
670 1493 743 1564 εἶναι
765 1509 819 1566 τοῦ
835 1503 1026 1590 σπέρματος,
1047 1503 1081 1565 οὐ
1099 1501 1168 1599 τὸνί
1235 1567 1240 1578 ,

157 1625 191 1687 ἐκ
204 1621 316 1685 τούτου
335 1619 507 1710 γενόμενον,
520 1619 588 1684 ἀλλ’
598 1621 696 1713 ἕτερον
716 1614 748 1696 ἐξ
762 1618 795 1686 οὗ
811 1621 846 1686 τὸ
861 1622 994 1710 σπέρμα.
1008 1621 1153 1714 Quippe

157 1735 234 1827 ipse
248 1745 324 1800 erat
340 1733 583 1825 Speusippus,
603 1734 667 1824 qui
683 1731 730 1800 ab
756 1735 994 1800 animantium
1017 1734 1153 1802 semine

158 1845 204 1915 ad
228 1850 390 1941 primum
415 1847 582 1912 omnium
605 1843 820 1941 principium
852 1845 1064 1940 exemplum
1086 1846 1154 1917 du·

159 1960 273 2029 cebat.

209 2073 243 2140 3.
257 2074 420 2140 Primum
443 2094 565 2140 rerum
586 2055 806 2169 principium
825 2078 1027 2170 Speusippo
1043 2071 1154 2144 fuisse

158 2207 195 2273 τὸ
205 2205 246 2287 ἓν,
258 2197 394 2289 Unum,
411 2211 510 2295 patet
526 2220 569 2266 ex
579 2199 633 2282 iis,
644 2221 723 2291 quae
732 2200 768 2265 in
779 2196 862 2267 libri
869 2201 952 2266 Met.
968 2200 1063 2286 XIV,
1073 2221 1150 2294 cap.

163 2322 427 2418 5,locojambis
436 2319 583 2390 laudato
593 2318 775 2416 leguntur,
788 2343 824 2415 p.
836 2316 949 2402 302‚l.
960 2345 1023 2415 29:
1042 2305 1104 2389 ὅτι
1121 2317 1154 2399 ἐξ
1230 2411 1232 2415 Ι

161 2447 308 2542 ἀορίστων
321 2449 437 2515 ἀτελῶν
449 2473 482 2513 τε
495 2444 541 2511 ἀεὶ
557 2442 598 2510 τὰ
611 2443 795 2536 τελειότερα,
808 2435 856 2510 διὸ
867 2443 919 2511 καὶ
934 2444 984 2511 ἐπὶ
994 2457 1056 2512 τῶν
1068 2449 1154 2540 πρώ-

161 2598 222 2640 των
230 2557 327 2651 advoc
345 2573 422 2662 ἔχειν
439 2570 543 2662 φασὶν,
560 2574 639 2635 ὥστε
661 2560 739 2658 μηδὲ
760 2567 792 2634 ὅν
815 2594 845 2634 τι
865 2563 989 2635 εἶναιτὸ
1010 2567 1039 2634 ἓν
1062 2571 1150 2647 αὐτό.

152 2682 248 2753 -lnde
271 2683 345 2754 duo
359 2682 434 2751 haec
453 2693 678 2774 sequuntur:
696 2682 816 2774 primo
837 2677 932 2747 idem
951 2683 1152 2778 Speusippo

161 2821 202 2867 ac
230 2796 477 2892 Pythagoricis
508 2791 721 2885 Platonique
747 2792 968 2887 principium
987 2796 1154 2862 omnium

160 2910 445 2998 fuisse,Unnm;
465 2906 595 2978 deinde
617 2903 927 3001 quemadmodum
948 2904 1047 2976 Plato
1062 2906 1156 2978 dioe-

159 3026 226 3096 bat
242 3027 402 3110 Bonum,
428 3022 529 3118 quod
555 3019 703 3116 quidem
726 3019 816 3090 nihil
838 3017 932 3100 aliud
948 3023 1017 3091 nisi
1030 3007 1154 3092 Unum

161 3148 282 3238 ipsum
314 3152 423 3226 esset,
447 3162 554 3236 supra
584 3139 774 3208 essentiam
804 3161 899 3221 esse,
931 3152 1067 3216 anenata
1099 3160 1155 3228 ‘tic

162 3278 283 3363 οὐσίας,
301 3266 352 3334 sic
368 3263 609 3359 Speusippum
621 3263 744 3328 Unum
760 3282 891 3345 suum,
904 3283 1021 3354 quum
1032 3263 1156 3330 omnia

163 3396 324 3491 potentia
355 3400 465 3470 esset,
495 3379 585 3460 nihil
612 3395 733 3450 autem
763 3391 864 3466 actu,
895 3402 940 3449 ne
962 3403 1051 3454 ,esse
1078 3383 1157 3476 qui-

164 3510 245 3580 dem
266 3498 506 3577 contendisse.

146 3637 149 3644 '
213 3614 335 3706 Nunc,
364 3617 401 3684 in
428 3615 471 3681 iis
493 3633 573 3704 quae
589 3607 744 3678 alterum
765 3632 807 3677 ex
825 3607 960 3701 ,eodem
983 3608 1076 3679 libro
1104 3611 1156 3680 lo-

165 3762 249 3811 cum
259 3757 367 3831 supra
379 3733 528 3819 citatum
544 3721 831 3816 subsequuntur,
843 3720 1005 3816 legimus,
1021 3747 1055 3818 p.
1072 3722 1154 3812 300,

167 3862 187 3930 Ι.
211 3857 274 3928 32:
296 3865 395 3926 Τοῦτο
407 3847 441 3920 δὲ
454 3862 588 3919 ποιοῦσιν
605 3832 669 3940 [se.
682 3856 740 3914 τῶν
750 3846 901 3938 θεολόγων
917 3856 978 3938 τῶν
993 3857 1043 3911 νῦν
1059 3836 1154 3942 τινὲς]
