3050 4760
798 447 894 522 (Π)

359 594 514 680 oportet.
544 583 591 649 At
618 581 783 648 Ciceroni
793 580 809 667 ,’
832 578 887 648 vel
920 575 1164 647 certeVelleii
1194 576 1349 660 levitati,

324 775 327 782 ,
358 721 442 768 cum
470 694 578 795 paulo
605 691 698 764 infra
722 692 768 763 de
797 692 988 764 Aristotele
1019 690 1130 762 verba
1155 689 1306 780 faciem,
1328 717 1348 762 a

356 836 446 882 uero¹
465 823 654 905 tantopere
676 807 836 896 aberret,
856 831 937 904 quae
950 811 1071 904 potest
1085 803 1161 876 'esse
1181 805 1351 876 derebus

355 931 433 996 tam
450 923 581 995 arduis'
591 919 707 992 fides?

404 1043 456 1142 Er
494 1037 555 1107 illo
594 1038 674 1133 ipso
715 1058 826 1130 quem
860 1047 1057 1104 tractamus
1093 1035 1351 1129 Metapleysico-

355 1176 433 1220 rum
449 1149 548 1234 loco,
569 1145 679 1236 fidem
695 1143 812 1216 facere
829 1149 993 1217 Ciceroni
1002 1146 1232 1234 Aristoteles,
1250 1151 1346 1218 Aris·

355 1263 457 1335 toteli
483 1262 601 1332 lucem
616 1263 746 1331 Cicero
765 1257 895 1330 afferre
921 1259 1011 1330 mihi
1032 1259 1194 1330 videtur·
1207 1260 1348 1331 Scilicet

354 1390 549 1474 postquam
569 1377 636 1445 Dei
659 1371 866 1444 felicitatem
884 1376 921 1441 in
938 1376 1070 1443 meotis
1094 1378 1247 1471 seipsam
1261 1398 1351 1445 con·

354 1491 561 1586 templautis
585 1502 669 1558 actu
695 1511 780 1556 cum
813 1511 957 1558 summo
987 1485 1086 1558 bono
1112 1489 1347 1582 conjunctam

354 1611 512 1682 ostendit
525 1607 749 1697 Aristotelea
759 1610 934 1678 continuo
944 1633 1020 1680 esse
1034 1633 1117 1680 eum
1131 1608 1207 1692 ζῶον
1222 1611 1346 1707 ἄριστον

354 1728 479 1796 statuit
488 1750 497 1812 3
506 1722 615 1818 idque
624 1727 674 1792 ita
681 1719 890 1818 facit‚quasi.
898 1721 942 1792 ad
950 1722 1129 1818 quosdam
1143 1722 1299 1796 alludere
1309 1750 1349 1795 se

353 1836 530 1934 significet
542 1841 606 1933 qui
615 1840 693 1906 Deo
700 1834 1062 1936 vitamquidemznon
1076 1852 1193 1929 autem
1205 1837 1349 1909 bonita-

354 1949 1346 2047 temtribuerint‚ipseautem,velutauctioncmfaciens,

353 2071 433 2137 vitae
465 2063 665 2134 bonitatem
696 2085 878 2131 summam
910 2050 1138 2158 superaddat.
1157 2068 1233 2136 Nec
1259 2064 1347 2135 alios

352 2184 421 2248 nisi
433 2177 677 2273 Pythagoreos
687 2179 973 2272 Speusippumve
988 2180 1076 2246 istos
1094 2202 1171 2247 esse
1191 2177 1234 2248 ad
1250 2204 1347 2275 quos

351 2289 489 2380 alludit,
503 2315 546 2361 ex
560 2286 795 2386 sequentibus
806 2303 972 2387 apertum
987 2292 1226 2389 est5p.2l19,l.
1241 2291 1284 2364 15
1292 2323 1299 2363 :

351 2419 413 2512 ἔχει
437 2410 472 2484 dl
491 2408 562 2484 ὧδε.
583 2415 647 2482 Καὶ
667 2408 728 2494 ζωὴ
748 2407 784 2482 δέ
798 2441 835 2508 γε
851 2415 990 2508 ὑπάρχει.
1017 2403 1123 2512 Ηγὰρ
1141 2428 1195 2485 νοῦ
1213 2420 1346 2514 ἐνέργεια

352 2537 427 2626 ζωὴ,
446 2541 555 2618 ἐκεῖνος
575 2531 610 2606 δὲ
625 2545 643 2612 ἡ
661 2540 804 2632 ἐνέργεια.
819 2514 969 2632 ΙΕνέργιιιι
987 2531 1021 2607 dl
1038 2547 1057 2616 ἡ
1075 2541 1141 2608 καθ’
1157 2545 1252 2618 αὐτὴν
1271 2544 1346 2611 ἐκεί-

351 2693 403 2733 νου
425 2658 485 2744 ζωὴ
506 2660 614 2756 ἀρίστη
634 2660 692 2734 καὶ,
704 2652 814 2740 ἀΐδιος.
832 2661 936 2752 Φαμὲν
958 2654 993 2728 δὲ
1015 2663 1072 2760 τὸν
1092 2663 1155 2731 θεὸν
1175 2661 1250 2731 εἶναι
1267 2658 1343 2744 ζῶον

352 2779 450 2854 ἀΐδιον
478 2781 614 2877 ἄριστον.
631 2765 727 2850 ᾗσιν
749 2778 810 2864 ζωὴ
842 2787 894 2851 καὶ
919 2784 990 2850 αἰὼν
1017 2790 1140 2878 συνεχὴς
1165 2787 1217 2854 καὶ
1246 2779 1348 2866 ἀΐδιος

351 2910 480 3004 ὑπάρχει
501 2920 547 2995 τῷ
573 2909 650 2993 θεῷ·
673 2917 767 2972 τοῦτο
787 2905 846 2999 γὰρ
870 2910 887 2972 ὁ
908 2907 983 2982 θεός.
1008 2897 1086 2974 ὅσοι
1108 2901 1142 2974 δὲ
1166 2907 1345 3002 domumdoi-

350 3057 449 3100 νουσιν
460 3082 479 3110 ,Α
490 3035 591 3119 ὥσπερ
611 3029 637 3094 οἱ
652 3029 851 3121 Πυθαγορεῒοι
881 3027 932 3093 καὶ
956 3032 1167 3117 Σπεύσιππος,
1185 3032 1220 3100 τὸ
1237 3033 1344 3116 zafati·

351 3180 424 3222 στον
447 3150 497 3219 καὶ
518 3146 639 3244 ἄριστον
660 3153 701 3241 μὴ
723 3153 752 3216 ἐν
771 3151 850 3243 ἀρχῇ
874 3144 984 3218 εἶναι...
1017 3157 1073 3220 οὐκ
1103 3155 1197 3246 ὀρθῶς
1215 3153 1340 3223 οἴονται.

315 3357 318 3366 ⁴
349 3269 407 3335 Sic
425 3267 522 3334 enim
537 3265 775 3358 interpretor,
786 3290 803 3325 a
817 3265 863 3330 Et
874 3259 1038 3355 profecto
1055 3265 1203 3359 quidem
1226 3270 1259 3336 ei
1270 3270 1346 3337 vita

350 3384 453 3448 inest.
472 3378 635 3472 Quippe,
649 3374 848 3445 secundum
867 3379 1023 3447 rationes
1037 3393 1197 3468 nostras,
1212 3383 1344 3450 mentis

350 3503 451 3574 actus
464 3492 550 3574 vita,
564 3509 666 3555 mens
675 3500 797 3556 autem
811 3487 869 3557 illa
881 3502 983 3559 actus
996 3493 1073 3588 ipse
1087 3507 1156 3580 est;
1169 3492 1231 3563 sed
1247 3493 1345 3564 illius

350 3617 451 3674 actus
465 3625 530 3699 per
541 3625 578 3670 se
591 3623 700 3695 agens
708 3610 780 3676 vita
794 3608 932 3702 optima
941 3618 977 3674 et
987 3622 1126 3678 aeterua.
1135 3610 1211 3678 Nos
1220 3611 1342 3703 itaque

349 3723 467 3789 Deum
487 3745 561 3791 non
581 3721 701 3791 solum
716 3723 880 3791 animans
901 3737 1087 3804 aeternum,
1107 3719 1170 3822 scd
1190 3723 1343 3819 insuper

260 3899 265 3909 ,
351 3834 520 3927 animans,
535 3837 711 3904 aeternum
736 3833 916 3930 optimum
941 3834 1092 3905 dicimus
1116 3858 1202 3902 esse.
1227 3837 1343 3930 Igitur
