3050 4760
840 403 936 478 (¹⁸)
1030 501 1034 508 ⁸

394 548 501 643 playa.
529 553 565 639 1,
599 573 606 617 t
642 548 873 624 :sanctonicae
904 546 954 613 τὸν
986 555 1054 614 νοῦν
1082 549 1154 616 οὔτε
1183 547 1224 614 ἑνὶ
1245 550 1314 616 οὔτε
1350 561 1395 636 τῷ

399 671 503 766 ἀγαθῷ
532 673 665 756 ταύτὸν,
688 662 809 760 ἰδιοφυῆ
825 660 872 734 δέ.

445 767 765 873 Quemadmodum
785 778 885 875 quod
903 777 1003 850 Plato
1022 780 1125 874 quasi
1144 779 1392 875 praetereundo

396 910 462 966 aut
481 885 594 968 velut'i
616 918 681 993 per
703 890 927 990 hyperbolen
956 891 1115 981 dixerat,
1136 896 1261 962 Unum
1285 917 1391 991 supra

396 1015 588 1082 essentiam
607 1031 746 1104 cneque
761 1011 883 1103 ipsum
901 1030 995 1094 esse,
1010 1005 1046 1077 id
1054 1011 1298 1105 Speusippum
1320 1008 1387 1078 cla·

395 1125 470 1193 rius
498 1121 799 1220 pronuntiavissev
817 1120 995 1208 vidimus,
1019 1124 1069 1191 sie
1084 1119 1184 1216 quod
1203 1146 1225 1191 a
1244 1120 1391 1192 Platone

394 1237 557 1340 similiter
577 1234 817 1334 significatum
835 1249 928 1324 crat,
948 1239 1071 1306 Unum
1095 1259 1206 1333 supra
1232 1249 1388 1306 mentem

390 1351 689 1446 intellectumque
702 1373 778 1420 esse
792 1348 862 1444 (1),
881 1353 1039 1445 apertius
1056 1373 1076 1418 a
1097 1352 1300 1447 Speusippo
1308 1373 1390 1446 ‘esse

392 1465 611 1536 declaratum
641 1463 897 1558 comperimus.
936 1466 1075 1560 Nempe
1107 1461 1179 1533 hoc
1212 1478 1267 1534 est
1297 1463 1387 1536 illud

390 1579 760 1676 Neoplatonicorum,
791 1575 890 1671 quod
920 1599 939 1646 e
969 1575 1157 1673 platonicae
1193 1575 1388 1673 disciplinae

390 1692 634 1790 penetralibus
648 1715 773 1762 eruere
799 1705 836 1762 et
859 1689 1029 1762 adversus
1060 1690 1287 1761 Aristotelem
1314 1706 1387 1762 tor-

389 1831 501 1903 quere
533 1807 650 1878 solent
680 1808 911 1876 notissimum
940 1804 1240 1903 philosophema:
1261 1809 1385 1876 Unum

388 1935 472 1992 ante
488 1926 648 1992 Mentem
671 1944 762 2007 esse,
789 1936 824 1992 et
853 1931 937 1992 ante
968 1935 1023 2006 τὴν
1049 1931 1164 2018 νόησιν,
1181 1935 1237 2007 τὴν
1266 1936 1382 1999 ἕνωσιν.

388 2078 390 2083 v
437 2071 470 2114 a.
498 2047 668 2143 Superest
698 2060 820 2116 tamen
856 2042 1036 2115 dubitatio
1073 2068 1116 2114 an
1144 2047 1382 2142 Speusippus,

386 2157 698 2252 quemadmodum
714 2161 837 2228 Unum
853 2181 918 2253 per
930 2182 967 2228 se
982 2182 1102 2254 neque
1110 2155 1251 2228 bonum
1265 2181 1385 2253 neque

386 2294 450 2341 ens
472 2271 618 2367 quidem
641 2286 725 2343 actu
743 2295 845 2361 esse,
868 2295 944 2343 esse
967 2287 1088 2343 autem
1112 2276 1292 2370 potentia,
1308 2275 1384 2368 imo

385 2382 431 2478 ab
452 2407 496 2454 eo
517 2384 696 2482 quidquid
716 2385 857 2456 bonum
881 2400 953 2475 est,
978 2385 1159 2481 quidquid
1189 2401 1259 2473 est,
1279 2388 1385 2482 origi·

385 2520 468 2567 nem
504 2497 639 2570 habere
662 2499 832 2590 docebat,
860 2499 1023 2570 similiter
1045 2503 1082 2569 in
1108 2503 1191 2569 Uno
1222 2513 1381 2570 mentem

384 2610 496 2680 veluti
514 2617 677 2710 potentia
706 2637 798 2700 esse,
822 2616 911 2710 quin
941 2613 1049 2684 etiam
1073 2612 1118 2684 ab
1144 2615 1224 2684 Uno
1247 2614 1380 2684 mentis

382 2727 602 2825 principium
637 2726 836 2825 petendum
865 2751 942 2798 esse
977 2726 1157 2798 voluerit?
1183 2727 1382 2817 Quomodo
1501 2825 1502 2828 Ἴ

382 2843 479 2909 enim
501 2845 578 2914 Deo
599 2843 839 2930 intellectum,
857 2847 913 2930 vir
928 2866 1081 2938 quoquo
1099 2841 1209 2912 modo
1228 2841 1381 2938 platoni-

383 2977 462 3042 cus,
479 2959 625 3051 penitus
641 2956 877 3052 ablegaverit?

429 3067 569 3138 Scilicet
582 3069 808 3154 Aristoteles,
838 3069 1031 3168 postquam
1049 3069 1164 3140 Metl.
1186 3073 1276 3154 XII,
1290 3093 1320 3138 c.
1344 3093 1377 3165 7,
1500 3075 1501 3085 ’

380 3179 554 3272 ostendit,
579 3196 835 3279 contraquam
859 3186 1082 3281 Speusippus
1103 3197 1282 3271 senserat,
1303 3187 1375 3279 pri-

379 3318 480 3364 mum
492 3299 841 3397 rerumpriucipium
850 3298 1030 3395 optimum
1039 3295 1284 3393 esse,eoquod
1293 3311 1375 3368 actu
1498 3291 1499 3324 l

377 3411 423 3477 sit
438 3423 474 3477 et
487 3408 635 3504 quidem
645 3417 765 3482 omnis
775 3414 957 3510 potentiae,
969 3406 1301 3508 proindemateriae,
1314 3436 1374 3482 ex-

375 3545 475 3618 pers,
486 3536 609 3592 actum
623 3539 744 3595 autem
763 3527 917 3597 materiae
927 3542 1109 3624 expertem
1124 3540 1282 3597 mentem
1298 3549 1376 3597 esse

412 3766 453 3848 (r)
474 3773 519 3827 De
540 3772 614 3847 nep.
639 3774 697 3849 Vl,
713 3739 855 3850 p.⁵50e9
868 3793 875 3830 ε
889 3775 977 3833 ...οὐκ
991 3771 1079 3839 οὐσίας
1101 3769 1174 3836 ὄντος
1196 3775 1240 3830 τοῦ
1259 3772 1374 3850 effatum
1494 3813 1495 3824 ν

376 3867 434 3925 ἀλλ’
450 3865 623 3926 ἷῖῑὲἷπὲκῑῑνα
638 3871 685 3940 τῆς
698 3867 784 3935 οὐσίας
800 3868 927 3951 πρεοὸείᾳ
941 3869 986 3928 καὶ
1004 3867 1112 3946 δυνάμει
1127 3867 1305 3949 ὑπερέχοντος.
