3050 4760
641 452 720 527 (⁷)

182 581 385 678 inscripsit)
396 578 465 673 (1);
483 585 533 650 ita
555 595 676 653 autem
688 596 731 652 ut
751 585 789 653 in
807 605 851 652 ro
874 580 1074 679 praesertim
1089 578 1180 650 Boni

110 731 112 741 ι
181 699 336 764 essentia
362 707 578 790 poneretur,
609 695 710 791 quod
740 695 837 766 idem
866 698 990 767 Unum
1025 716 1180 790 perse,
1287 785 1291 794 Ι

181 821 259 886 αὐτὸ
278 821 316 888 τὸ
335 818 379 905 ἓν,
399 820 513 900 esset,
534 833 575 880 ac
590 835 829 884 numerorum
846 811 952 906 origo
970 821 1007 880 et
1020 803 1130 906 linis(
1155 808 1180 904 ).

232 934 266 1015 4.
289 935 374 1002 Post
398 929 603 1018 Platonem,
630 933 850 1028 platonicam
867 926 1027 1006 scholam
1055 953 1182 1008 nume·

183 1065 320 1116 rorum
337 1043 520 1130 doctrina,
546 1044 722 1120 hactenus
752 1039 948 1144 disciplinae
976 1047 1181 1124 remotioris

183 1157 404 1248 umbraculis
431 1157 651 1254 plerumque
682 1174 874 1243 contenta,
899 1171 1012 1234 totam
1038 1159 1179 1228 invasit.

183 1276 322 1367 Itaque,
338 1274 390 1346 ait
408 1271 631 1360 Aristoteles,
659 1272 856 1368 Metaphys.
874 1273 906 1344 1.,Δ
916 1275 945 1359 Ι,
965 1296 995 1342 c.
1018 1271 1096 1366 8,p.
1123 1270 1181 1359 33,

101 1386 106 1394 ’
183 1391 206 1461 l.
230 1389 400 1477 ABrand'.
418 1418 426 1461 :
443 1398 547 1490 γέγονε
566 1393 606 1467 τὰ
628 1398 799 1488 μαθήματα
820 1405 882 1476 τοῖς
896 1407 947 1465 νῦν
967 1403 986 1472 ἡ
1007 1403 1180 1491 φιλοσοφίαι

232 1511 295 1576 His
308 1512 516 1605 praemissis,
535 1507 580 1580 ad
595 1512 838 1607 Speusippum
853 1508 1069 1581 accedimus

651 1779 712 1843 ΙΙΙ.

239 2025 269 2072 1.
295 2003 479 2069 Locorum
504 1997 705 2070 Aristotelis
734 1995 780 2067 de
798 2000 1001 2095 Speusippo
1021 1999 1183 2072 classico·

185 2138 269 2184 rum
288 2115 451 2209 primum
469 2107 568 2181 hunc
586 2134 745 2208 ponam:
768 2117 849 2184 Met.
871 2115 958 2202 XII,
985 2137 1019 2208 7,
1032 2136 1068 2210 p.
1095 2117 1182 2209 249,

187 2237 208 2306 l.
230 2261 276 2308 20
292 2263 300 2305 :
315 2223 393 2307 dan
408 2230 443 2306 δὲ
456 2232 741 2328 ὑπολαμὸαίνουαιν,
760 2242 861 2330 ὥσπερ
876 2240 904 2305 ol
918 2239 1118 2334 Πυθαγόρειοι
1131 2240 1183 2308 καὶ
1282 2307 1285 2312 .

181 2348 399 2446 ‘taeterrima
417 2362 454 2428 τὸ
480 2349 648 2429 aulicorun
666 2361 720 2428 καὶ
742 2358 866 2456 ἄριστον
886 2366 927 2452 μὴ
951 2366 980 2429 lv
1000 2364 1079 2457 ἀρχῇ
1096 2358 1182 2448 εἶναι,

188 2473 243 2550 «lii
256 2484 293 2552 τὸ
310 2483 362 2552 καὶ
380 2494 443 2551 τῶν
463 2496 565 2579 φυτῶν
582 2485 634 2552 καὶ
651 2495 714 2552 τῶν
730 2479 813 2564 ζώων
831 2483 887 2563 τὰς
902 2482 998 2579 ἀρχὰς
1018 2485 1103 2553 αἴτια
1129 2487 1182 2579 μὲν

187 2602 280 2693 εἶναι,
302 2608 339 2675 τὸ
360 2599 395 2674 dl
423 2610 515 2676 καλὸν
543 2609 733 2676 :cultillum
761 2611 791 2674 ἐν
822 2614 887 2685 τοῖς
915 2612 949 2676 ἐκ
975 2609 1113 2696 τούτων,
1129 2613 1185 2677 οὐκ

192 2731 289 2824 ὀρθῶς
307 2729 432 2798 οἴονται.

237 2837 382 2909 Scilicet
396 2835 642 2932 Pythagoricis
664 2862 758 2923 non,
772 2851 816 2906 ut
827 2837 986 2927 Platoni,
1002 2838 1187 2935 placuerat

189 2956 350 3052 primum
372 2953 535 3023 omniurn
559 2956 780 3050 principium
801 2957 943 3023 Bonum
966 2957 1104 3051 ipsum,
1121 2958 1187 3025 Βο-

190 3091 281 3137 num
294 3090 360 3163 per
375 3090 413 3136 se
427 3090 521 3156 esse3
541 3065 603 3137 sed
623 3081 769 3152 contra,
783 3072 821 3137 in
833 3072 916 3146 Uno
922 3123 932 3153 ‚
948 3092 1186 3145 numerorum

96 3169 102 3178 ³
189 3178 292 3254 fonte
311 3193 347 3249 et
364 3183 528 3252 omnium
543 3184 735 3278 principio,
753 3185 872 3278 impar
888 3196 925 3252 et
940 3207 1025 3280 par,
1039 3180 1185 3252 finitum

190 3292 438 3386 etinfinitum,
456 3294 596 3369 bonum
615 3297 771 3395 denique
792 3311 827 3370 et
849 3295 1000 3380 malum,
1027 3301 1131 3392 quasi
1147 3298 1185 3368 in

231 3513 272 3588 (ι)
292 3513 380 3591 Vide,
406 3513 430 3570 si
445 3513 559 3590 placet,
579 3533 644 3594 quae
667 3511 704 3571 de
730 3512 813 3571 libris
827 3514 989 3572 Aristotelis
1003 3511 1064 3596 περὶ
1088 3515 1185 3594 ἀγαθῶ

192 3623 221 3667 et
235 3607 295 3690 περὶ
311 3607 464 3691 φιλοσοφίας
479 3609 680 3688 disseruimus,
693 3615 780 3668 Essai
796 3632 846 3668 sur
864 3615 893 3668 la
909 3613 1043 3687 Metaph.
1058 3614 1187 3684 d'Are'st.,
1310 3674 1313 3682 ,

193 3706 306 3782 (Paris,
322 3709 410 3784 1837,
424 3704 487 3784 8⁰),
501 3711 531 3766 P.
547 3711 572 3784 1,
585 3707 604 3764 1.
620 3712 659 3785 11,
674 3729 697 3765 c.
716 3728 741 3766 a.

234 3803 274 3882 (a)
298 3806 371 3864 Met.
394 3808 479 3882 XIV,
495 3824 524 3881 p.
539 3805 615 3882 301,
632 3808 649 3862 Ι.
668 3807 714 3863 ιδ.
741 3806 807 3863 Eat.
827 3805 899 3863 End.
913 3808 944 3881 1,
958 3804 984 3862 5.
999 3803 1041 3862 Cs.
1057 3804 1184 3864 Aristox.

194 3903 333 3960 Harmon.
347 3905 396 3980 11,
416 3902 461 3960 30.
