3050 4760
817 445 915 521 (²⁶)

305 651 307 658 .
377 581 572 680 significari
599 583 731 677 possit,
752 579 803 649 sic
819 594 957 665 autem,
975 591 1017 647 ut
1033 579 1138 672 quasi
1151 567 1287 668 aliquid
1307 593 1371 667 prr

352 693 695 768 'seessevideatun
1071 687 1074 694 '

325 863 330 877 .
423 815 560 900 Quare,
589 830 833 904 quaecumque
855 804 1063 878 Aristoteles
1095 801 1141 873 de
1165 798 1368 886 nonnullis,

376 925 526 1020 quibus,
551 945 636 993 cum
652 921 759 1008 ¹Plato
786 921 972 1008 materiam
994 921 1030 990 in
1057 916 1172 1014 dyade
1190 917 1311 1011 magni
1332 925 1368 983 et

376 1039 493 1134 parvi,
506 1041 543 1106 in
559 1034 744 1130 inrequali',
760 1036 796 1104 in
807 1035 971 1121 ¹diver30‚
990 1039 1027 1103 in
1043 1032 1155 1102 altero
1170 1035 1366 1128 posuisset,

370 1177 456 1224 cam
474 1157 512 1222 in
531 1149 763 1222 multitudine
778 1153 957 1222 contineri
973 1149 1176 1247 placuerat,
1190 1143 1234 1215 ad
1253 1147 1367 1238 Speu-

376 1271 522 1364 sippum
548 1289 589 1335 ea
619 1262 869 1334 indubitanter
898 1261 1014 1333 traho.
1037 1266 1095 1333 Sic
1111 1265 1198 1331 Met.
1212 1261 1307 1342 XIV,
1326 1260 1367 1343 4,

375 1404 412 1476 P·
434 1381 517 1471 302,
535 1380 559 1450 l·
576 1378 620 1450 6:
697 1388 732 1457 τὰ
763 1389 895 1458 ἐναντίον
923 1397 1087 1482 στοιχεῖον,
1111 1384 1172 1454 εἴτε
1197 1383 1311 1461 πλῆθος
1335 1379 1367 1448 ὃν

366 1511 437 1580 aire
453 1515 490 1580 τὸ
506 1508 608 1579 ἄνισον
627 1511 680 1580 καὶ
694 1516 774 1604 μέγα
787 1511 838 1579 καὶ
848 1513 953 1605 μικρόν
969 1537 1000 1580 κ.
1016 1536 1048 1577 τ.
1060 1516 1103 1593 lu,
1117 1520 1227 1594 quem
1246 1495 1367 1564 lOCUffl

374 1622 418 1692 ad
426 1622 610 1694 Platonem
620 1626 937 1720 Speusippumque
948 1625 1123 1719 respicere
1134 1643 1145 1714 J
1151 1641 1208 1688 am
1224 1614 1369 1686 aliunde

374 1735 715 1824 demonstravimus.
730 1735 867 1806 Eodem
883 1735 993 1824 libro,
1011 1759 1041 1838 c.
1061 1733 1092 1823 5,
1113 1756 1148 1832 p.
1164 1730 1247 1820 303,
1259 1729 1281 1798 l.
1302 1726 1367 1798 23:

372 1863 418 1930 Τὸ
429 1861 487 1929 ἓνό
504 1863 557 1954 μὲν
571 1873 617 1950 τῷ
634 1863 741 1947 niatu
754 1869 794 1942 ὡς
810 1861 943 1930 ἐναντίον
956 1861 1103 1946 τίθησιν,ὀ
1119 1851 1153 1926 δὲ
1164 1867 1207 1945 τῷ
1215 1854 1369 1941 triepta

336 1978 342 1988 '
371 1962 492 2071 loprp
508 1984 549 2055 tvl
565 1987 730 2078 χρώμενος,
759 1971 929 2043 Similiter
948 1996 978 2042 c.
1011 1997 1039 2059 ι,
1066 1995 1101 2068 p.
1122 1991 1211 2064 290,
1231 1965 1266 2036 ll.
1290 1964 1368 2053 3-63

370 2092 406 2163 ll.
425 2094 552 2181 28·30;
570 2094 594 2163 l.
609 2099 688 2182 XII,
701 2119 737 2191 p.
754 2091 838 2181 256,
854 2092 889 2163 ll.
908 2092 1028 2164 25·26.

423 2235 456 2276 2.
489 2205 753 2295 Nihilominus,
790 2207 1063 2278 multitudinem
1108 2210 1244 2303 ipsam,
1283 2225 1369 2274 cum

376 2344 547 2416 magnum
565 2333 602 2391 et
618 2343 770 2417 parvum
793 2321 1077 2417 complectatur,
1096 2323 1132 2388 in
1158 2317 1233 2388 duo
1258 2315 1370 2386 veluti

375 2435 541 2506 membra
557 2435 672 2506 scindi
686 2461 791 2533 posse
807 2451 975 2534 apparet,
990 2458 1148 2532 quorum
1169 2448 1369 2528 utrumque

373 2575 448 2620 non
477 2551 546 2620 nisi
569 2549 693 2620 habita
726 2552 870 2621 alterius
900 2555 1039 2621 ratione
1071 2548 1275 2645 quidquam
1302 2559 1366 2616 est.

287 2707 289 2712 ·
373 2672 448 2742 Hac
471 2677 594 2768 itaque
617 2676 884 2772 Speusippaeam
911 2676 1097 2743 materiam
1116 2670 1161 2742 ad
1182 2675 1218 2741 τὸ
1238 2672 1311 2765 πρός
1332 2698 1364 2740 τι

372 2788 554 2885 pertinere
594 2786 782 2859 contendit
819 2787 1043 2876 Aristoteles3
1076 2791 1157 2855 Met.
1193 2788 1292 2874 XIV,
1328 2809 1364 2871 1,

372 2924 408 2997 p.
426 2901 562 2998 291‚ll.
586 2900 705 2972 13-15.

392 3064 395 3068 -
423 3018 521 3103 Quin
542 3018 663 3102 etiam,
681 3039 798 3110 quum
815 3012 990 3084 elementa
1004 3013 1078 3086 duo
1094 3013 1367 3111 complectatur,
1385 3030 1392 3048 '

374 3149 498 3195 nonne
520 3139 556 3195 et
567 3123 645 3195 hac
658 3123 932 3221 quodammodo
950 3124 1037 3221 dyas
1058 3140 1128 3212 est,
1153 3124 1367 3222 etquidem,

373 3243 461 3335 quia
486 3238 642 3310 multum
658 3253 695 3310 ct
709 3262 864 3338 paucum
884 3241 980 3309 inter
996 3264 1034 3309 se
1051 3239 1239 3311 indefinita
1258 3252 1367 3328 sunt,

372 3351 557 3425 indefinita
581 3353 745 3449 quaedam
765 3352 876 3449 dyas?
892 3357 944 3423 Ita
966 3351 1109 3445 tamen,
1133 3368 1268 3425 utnon
1285 3356 1368 3437 nisi,

374 3481 415 3536 ut
440 3470 489 3535 ita
506 3465 639 3549 dicam,
659 3465 832 3563 implicite
852 3465 937 3562 dyas
960 3471 1006 3536 sit
1024 3472 1252 3566 Speusippaea
1275 3465 1368 3536 mul-

373 3588 507 3678 titudo,
524 3591 610 3659 etin
627 3588 812 3660 elementis
828 3588 1083 3661 tantummodo
1103 3593 1176 3660 suis
1194 3593 1230 3659 τὸ
1249 3591 1323 3685 πρός
1335 3618 1368 3658 τι

371 3705 568 3790 contineat,
589 3726 661 3772 non
677 3717 800 3772 autem
815 3705 861 3774 sit
875 3702 973 3776 velut
992 3703 1143 3800 aequale,
1156 3708 1231 3800 ipsa
1247 3727 1313 3800 per
1330 3727 1368 3773 se

372 3829 448 3922 πρός
462 3856 504 3896 τι.
525 3830 609 3916 Quo
625 3825 726 3896 valde
745 3851 894 3897 moveor·
914 3841 970 3915 ut,
990 3832 1018 3896 si
1040 3851 1113 3896 nou
1137 3824 1181 3896 ad
1200 3828 1368 3921 Speusip-
