3050 4760
567 485 674 563 le)

136 639 369 713 corporeum,
387 609 429 690 id'
455 617 892 726 ἀδιάσσασσνυυοσυρονυ.
919 631 1129 708 Damascius

134 737 233 834 apud
253 741 476 837 Simplicium
496 749 533 816 ιἰυ
550 747 660 846 Phys.
680 773 715 845 p.
738 751 805 834 146
824 775 842 820 a
861 779 870 822 ε
890 754 940 824 Τὰ
963 762 992 824 ἐν
1019 757 1131 852 γενέσει

133 863 240 932 πάντα
258 875 315 943 τῆς
333 865 496 962 ἀμερίστου
519 871 570 938 καὶ
592 865 786 944 ἀδιαστάτου
805 879 919 970 φύσεως
949 880 1130 948 ἐκπεσόντα.
1164 910 1166 914 ’

135 986 264 1077 Itaque
301 999 343 1053 ut
368 994 514 1084 corpori
551 997 588 1062 τὸ
620 987 810 1083 διαστατὸν,
842 1000 890 1067 ita
919 977 1045 1101 menti
1067 1010 1131 1066 aut

136 1108 258 1176 animo
278 1111 314 1176 τὸ
334 1102 525 1182 ἀδιάστατον
543 1111 721 1184 tribuunt.
752 1117 956 1214 Simplicius
972 1122 1009 1188 ia
1035 1119 1131 1212 Ply-

135 1226 198 1296 st'c.
211 1249 246 1322 p..
263 1227 334 1298 266
350 1254 393 1300 a:
410 1225 533 1330 Ᾰμσρὴς
553 1244 647 1307 αὐτοῦ
660 1230 731 1332 (τοῦ
751 1231 818 1333 vot)
838 1243 890 1310 καὶ
907 1236 1130 1322 &lateranen
1155 1274 1156 1279 ’

134 1352 212 1442 πρὸς
230 1352 272 1418 τὰ
288 1354 386 1428 νοητὰ
405 1357 548 1452 τυγχοίνιι
564 1359 703 1438 tertul·
730 1362 879 1432 Proclus
905 1362 1061 1460 denique
1091 1367 1129 1431 t‘rt

104 1529 109 1534 .
135 1463 273 1532 Euclid.
288 1469 333 1552 ll,
343 1469 597 1548 mathematica
611 1476 647 1543 in
661 1479 780 1547 anima
794 1481 1012 1574 incorporeo
1026 1493 1063 1549 et
1075 1478 1130 1546 in·

136 1581 492 1683 distantialuuaep
510 1646 519 1680 ,
539 1596 650 1668 modo
660 1622 737 1668 esse
758 1601 956 1671 contendit.

183 1700 270 1787 Quae
295 1726 412 1795 quum
437 1707 487 1775 ita
518 1712 608 1794 sint,
631 1711 671 1778 in.
693 1710 840 1781 laudato
856 1713 917 1782 illo
936 1711 1128 1784 lamblichi

134 1808 218 1882 loco
243 1812 495 1888 indubitanter
508 1843 647 1918 repono
669 1849 683 1892 a
705 1823 748 1908 El
774 1847 813 1928 τῇ
842 1829 910 1926 ἰδέᾳ
934 1849 991 1904 τοῦ
1021 1837 1122 1929 πάντῃ

134 1936 380 2016 ἀδιαστάτου.
468 2025 474 2035 ,

181 2058 309 2151 Neque
318 2057 394 2132 haec
402 2075 523 2133 tamen
533 2068 609 2162 ipsa
620 2070 810 2164 Speusippi
820 2069 930 2140 rerba
941 2093 1019 2140 esse
1031 2067 1127 2140 affir-

134 2191 236 2237 mare
251 2169 369 2242 velim.
394 2179 510 2245 Usum
537 2182 633 2250 enim
660 2184 760 2250 vocis
782 2185 972 2261 &lamma
991 2196 1030 2260 1„
1057 2195 1125 2286 py.

133 2289 407 2386 thagoricorum
421 2313 584 2379 veterum
598 2299 829 2398 fragmentis,
853 2307 890 2374 in
909 2305 1070 2392 Platone,
1082 2307 1124 2396 in

131 2405 337 2494 Aristotele,
364 2413 553 2511 Speusippi
571 2417 716 2510 aequali,
741 2416 880 2488 frustra
898 2422 1125 2514 quareve·

132 2542 216 2586 rum
235 2541 274 2588 ea
290 2535 389 2593 certe
404 2527 512 2598 verba
526 2525 642 2615 fuere,
665 2530 801 2626 quibus
821 2531 1053 2614 lamblichus,
1083 2545 1126 2600 ut

131 2631 425 2727 neoplatonious,
451 2645 644 2741 Speusippi
666 2659 826 2715 mentem
845 2651 1029 2742 aptissime
1048 2644 1127 2714 red-
1200 2647 1203 2653 ¹

99 2799 101 2802 .
132 2745 216 2816 dere
230 2747 269 2816 se
282 2752 511 2825 existimavit.
531 2761 618 2827 Eam
635 2761 746 2854 igitur
771 2764 963 2856 Speusippi
979 2773 1124 2828 senten·

131 2862 217 2929 tiam
237 2855 347 2931 luisse
363 2867 663 2938 verisimillimum
680 2885 751 2957 est,
774 2885 815 2942 ut
829 2877 992 2970 corporis
1007 2883 1125 2940 essen·

130 2978 215 3044 tiam
248 2980 283 3048 in
305 2983 528 3070 extensione,
546 2987 656 3053 animi
676 2999 816 3077 autem,
832 2990 870 3063 in
887 2999 1015 3056 natura
1036 3008 1123 3081 qua·

129 3087 212 3160 dam
234 3093 401 3190 partibus
417 3111 564 3168 carente
578 3115 742 3196 poneret.

597 3369 641 3437 X.

179 3615 208 3658 r.
236 3596 330 3662 Cum
354 3607 528 3689 quartum
555 3594 601 3665 ab
631 3599 718 3667 Uno·
736 3597 859 3670 locum
897 3603 1121 3698 Speusippus

125 3703 316 3775 sensilibus
334 3705 552 3804 corporibus
571 3707 728 3796 dederit,
749 3725 790 3780 ut
810 3715 1015 3801 enumeris,
1032 3718 1080 3785 ita
1098 3737 1121 3784 a

130 3817 442 3912 magnitudinibus
457 3821 722 3895 mathematicis
735 3849 779 3896 ea·
796 3831 1005 3921 segregavit.

171 3957 203 3998 2.
229 3933 412 4024 Attamen,
430 3961 509 4006 non
529 3961 682 4035 corpora
699 3941 819 4012 solum
842 3940 904 4011 sed
927 3955 964 4012 et
982 3934 1117 4012 mathe-
1175 3947 1177 3951 ’
