3050 4760
587 402 686 482 (¹⁵)

136 569 138 574 ·
193 539 375 609 Nimirum
390 536 618 634 Pythagorici
635 538 815 607 contraria
828 538 864 603 iu
882 533 976 606 duos
991 537 1136 609 ordines

146 656 395 747 partitierant3
405 652 491 723 hinc
503 651 801 748 finitum,impar,
814 649 995 738 dextrum,
1004 650 1135 741 lucem,

140 764 301 854 henum,
312 783 380 837 etc.
400 765 484 837 inde
503 765 705 854 infinitum,
719 789 799 862 par,
817 767 1021 852 sinistrum,
1039 779 1137 836 tene-

138 878 237 968 bras,
259 882 396 951 malum
412 895 479 951 etc.
495 881 559 977 (1).
577 884 619 951 ln
634 894 793 974 utroque
806 892 928 948 autem
948 878 1077 950 ordine
1088 879 1134 950 ab

139 1015 367 1088 unoquoque
381 998 646 1072 contrariorum
667 1006 792 1063 caetera
817 990 954 1062 ordinis
970 991 1133 1085 ejusdem

139 1120 203 1175 aut
221 1101 478 1190 contineri'aut
491 1122 589 1178 certe
608 1103 801 1202 significari
824 1128 865 1174 ac
886 1111 1133 1202 repraesentari

139 1218 344 1306 voluerant;
362 1223 413 1290 ita
431 1236 473 1291 ut
489 1219 581 1291 ordo
603 1220 661 1290 ille
675 1219 763 1290 honi
783 1222 933 1286 omnino
949 1217 1058 1308 orde,
1072 1219 1132 1289 hic

138 1349 260 1405 autem
274 1335 359 1404 mali
369 1334 460 1405 ordo
473 1339 595 1406 vocari
610 1321 742 1432 posset.
760 1337 802 1401 In
818 1330 889 1401 hoe
900 1331 1022 1401 autem
1040 1333 1133 1403 mul-

137 1451 340 1538 titudinem,
360 1451 476 1521 inille
494 1448 738 1520 multitudinis
750 1449 989 1534 centrarium,
1014 1472 1130 1516 unum

137 1587 289 1662 nempe,
321 1563 582 1661 comprehendi
604 1575 816 1634 statuerant.
852 1565 947 1656 Ergo
983 1565 1129 1648 Unum,

136 1681 373 1775 quamvisper
385 1701 424 1746 se
439 1676 527 1747 honi
535 1701 675 1772 expers,
691 1691 824 1763 tamen,
836 1687 1016 1767 quatenus
1029 1675 1122 1744 mul-

135 1792 284 1868 titudini
305 1799 528 1869 contrarium
564 1812 635 1885 est,
664 1801 702 1865 in
735 1793 863 1865 ordine
897 1792 988 1863 honi
1005 1847 1014 1883 ‚
1033 1801 1062 1862 ἐν
1088 1809 1129 1891 τῇ

134 1923 298 2016 συστοιχίᾳ
319 1938 382 1992 τῶν
403 1926 537 2019 ἀγαθῶν,
552 1913 827 1993 collocaverant.

182 2038 283 2124 Quin
298 2041 418 2124 etiam,
433 2041 463 2108 si
480 2037 632 2126 honum,
642 2063 719 2133 quo
731 2037 873 2134 longius
892 2040 1125 2136 progreditur

136 2173 259 2220 rerum
271 2151 1064 2250 natura,e0magis,utvidimus,manifestum
1075 2154 1127 2244 fit,

134 2261 232 2334 idem
255 2264 301 2336 de
324 2291 399 2337 uno
418 2264 496 2337 fieri
514 2271 704 2355 convenit,
731 2271 782 2338 ita
805 2282 846 2338 ut
869 2284 1048 2365 quantum
1082 2271 1128 2346 ab

137 2378 238 2464 Un0,
261 2382 384 2473 primo¹
397 2404 519 2450 rerum
537 2383 737 2476 principie,
753 2381 968 2473 discedatur,
984 2398 1128 2454 tantum

135 2492 245 2560 etiam
260 2497 438 2562 contraria
454 2493 696 2565 multitudinis
714 2496 880 2591 pravitati
899 2502 1008 2569 unius
1027 2498 1131 2572 honi-

136 2619 191 2674 tas
208 2609 375 2678 emineat.
395 2613 451 2679 Sic
468 2608 717 2704 Pythagorici,
737 2613 787 2680 sic
812 2608 887 2681 lere
904 2615 1129 2714 Speusippus

137 2723 257 2790 sensit.

184 2837 314 2928 Itaque
341 2833 533 2930 Speusippi
559 2832 604 2904 de
632 2837 715 2904 Une
747 2838 976 2923 sententiam,
1009 2853 1052 2908 ut
1081 2845 1132 2912 ita

135 2943 271 3032 dicam,
302 2944 585 3040 metaphysicam
612 2946 649 3016 in
677 2946 1009 3045 Metaphysicorum
1041 2951 1129 3026 locis
1208 2983 1211 2992 ’

134 3073 242 3130 antea
281 3059 432 3132 laudatis
464 3061 669 3134 hahemus:
706 3087 859 3161 nempe,
885 3089 966 3160 quae
992 3091 1057 3164 per
1092 3097 1130 3141 se

135 3179 182 3245 sit
203 3175 311 3244 unius
337 3191 485 3265 natura;
500 3177 538 3246 in
557 3177 710 3267 Ethicis,
729 3179 944 3248 seutentiam
971 3181 1130 3255 ethicam

133 3289 415 3386 physicamque:
429 3291 520 3387 quid
544 3289 680 3364 scilicet
704 3317 819 3362 unum
855 3295 919 3379 sit,
952 3311 1132 3388 quatenus

134 3416 211 3508 πρός
223 3443 273 3500 τι,
288 3413 334 3483 ad
348 3413 502 3508 aliquid,
519 3419 602 3485 etin
622 3440 746 3488 rerum
763 3432 891 3490 natura
908 3446 993 3494 cum
1013 3419 1133 3494 multi·

88 3579 95 3593 .
134 3526 263 3598 tudine
284 3528 513 3625 implicitum.

175 3827 220 3906 (r)
239 3829 310 3886 Met.
325 3799 348 3902 1,
361 3851 389 3908 p.
411 3833 455 3907 16,
474 3832 491 3888 l.
512 3833 559 3889 lo.
