3050 4760
836 499 932 576 (⁴⁴)

403 635 551 702 maticas
562 653 712 727 quoque
729 628 996 726 magnitudines
1014 630 1050 698 in
1070 628 1154 700 loco
1174 636 1338 728 posuisse
1350 637 1395 703 vi·

399 746 518 836 detuu.
526 747 671 843 Quippe
691 743 912 832 Aristoteles,
922 739 1132 842 postquam,
1142 749 1225 816 Met.
1243 751 1338 833 XIV,
1360 747 1392 833 5,

398 864 601 932 institutam
618 863 853 959 aSpeusippo
867 861 1013 930 seminis
1035 863 1119 929 cuni
1136 860 1256 957 primo
1271 885 1390 934 rerum

398 966 579 1072 'principie
586 977 896 1072 comparationem
908 972 1229 1068 redarguit,statim
1239 999 1258 1043 e
1268 977 1392 1061 verbo,

398 1122 434 1194 p.
454 1096 537 1187 303,
555 1096 579 1166 l.
592 1125 612 1168 a
626 1125 634 1168 ε
647 1083 774 1168 hennon
797 1091 831 1167 dl
848 1099 900 1167 καὶ
921 1100 956 1166 τὸ
975 1099 1070 1168 τόπον
1092 1099 1159 1192 οἶμοι
1177 1107 1241 1180 τοῖς
1261 1110 1393 1195 στερεοῖς

398 1222 532 1302 καὶτοῖς
560 1225 784 1316 μαθηματικοῖς
801 1231 949 1297 ποιῆσαι.
976 1218 1031 1292 Ad
1047 1218 1137 1306 hoc,
1165 1226 1230 1316 qui
1258 1223 1296 1291 in
1324 1221 1392 1294 hac
1499 1245 1502 1250 '

398 1320 576 1406 sententia
592 1333 712 1406 fuerat
730 1358 814 1405 eum
834 1331 984 1433 subjicit
1000 1332 1091 1429 quid
1110 1333 1212 1404 locus
1232 1349 1326 1408 esset
1344 1335 1392 1406 di·

399 1478 479 1527 cere
510 1482 557 1528 ne
584 1482 796 1554 aggressum
820 1481 896 1528 esse
908 1456 1063 1553 'quidem
1083 1443 1267 1529 εᾸτοπον...
1285 1462 1338 1528 καὶ
1356 1463 1392 1529 τὸ

398 1581 488 1650 εἰπεῖν
517 1584 570 1674 μὲν
601 1587 652 1650 ὅτε
676 1592 738 1651 ποῦ
773 1585 874 1668 ἔσται,
908 1582 941 1649 τί
966 1573 1002 1650 δέ
1040 1586 1122 1651 ἐστιν
1153 1583 1307 1669 deditus,
1336 1587 1389 1676 pl.

398 1693 585 1766 Platonem
612 1709 752 1783 antem,
776 1717 851 1764 non
879 1693 998 1764 solum
1019 1697 1057 1763 iu
1079 1697 1233 1784 Timaeo,
1255 1703 1390 1765 'verum
1457 1695 1461 1710 '

398 1817 508 1906 etiam
529 1818 567 1886 in
587 1819 735 1916 ἀγράφοις
757 1811 892 1915 δόγμασι
912 1814 1000 1912 quid
1023 1815 1146 1887 locum
1167 1839 1244 1886 esse
1265 1821 1390 1914 opina·
1500 1805 1502 1828 ’

359 2023 363 2028 .
398 1942 500 2000 retur
527 1929 777 2017 declaravisse,
797 1955 840 2002 ex
864 1930 1056 2014 Aristotele
1083 1934 1180 2028 ipso,
1203 1929 1314 2024 Phys.
1330 1937 1389 2020 IV,

399 2069 440 2134 ε,
472 2060 702 2142 compertum
730 2060 794 2116 est.
823 2050 1064 2116 Xenocratem
1089 2067 1193 2128 vero,
1221 2068 1307 2115 cum
1347 2044 1390 2116 de

399 2158 538 2229 mundo
559 2161 662 2255 plura
677 2159 916 2249 disseruisset,
932 2163 975 2232 'et
991 2159 1080 2255 quid
1103 2159 1148 2230 sit
1173 2172 1316 2256 tempus
1333 2159 1391 2231 de·
1501 2151 1502 2160 ἵ

398 2267 504 2342 finire
529 2277 757 2361 tentavisset,
783 2272 922 2369 aliquid
937 2272 1089 2370 deloco
1108 2296 1258 2368 quoque
1280 2285 1390 2344 tenta·

398 2389 490 2456 visse
508 2388 699 2460 verisimile
709 2402 772 2458 est.
787 2394 882 2485 Ergo
897 2414 977 2484 quae
990 2393 1074 2458 Met.
1088 2391 1182 2474 XIV,
1202 2385 1234 2476 5,
1250 2385 1391 2460 deloco
1500 2437 1501 2440 =

401 2497 637 2588 laudavimus,
652 2501 697 2572 ad
713 2507 956 2600 Speusippum
973 2505 1153 2600 pertinere
1172 2499 1293 2572 credo.

448 2612 481 2684 3.
492 2617 547 2684 De
557 2594 681 2686 muhdi
691 2614 826 2686 labiica
837 2614 1038 2686 secundum
1046 2619 1290 2714 Speusippum
1301 2613 1389 2684 nihil

368 2779 370 2784 ,
399 2727 497 2824 apud
506 2730 748 2801 Aristotelem.
764 2730 904 2802 Scilicet
923 2729 1013 2802 nihil
1027 2754 1069 2800 ea
1083 2729 1128 2800 de
1145 2728 1390 2800 rePlatonico·
1499 2711 1500 2730 ¹

398 2867 480 2912 rum
497 2836 626 2930 ullum,
648 2848 806 2942 exceptis
813 2850 1016 2915 Xenocrate
1030 2857 1065 2914 et
1080 2846 1244 2930 Hestiae0,
1259 2841 1389 2912 dixisse

398 2957 499 3026 testis
513 2971 568 3026 est
580 2955 867 3054 Theophrastus,
883 2962 970 3027 Μεε.
994 2980 1029 3054 p.
1048 2955 1136 3045 313,
1150 2956 1172 3026 l.
1194 2965 1227 3044 1,
1240 2956 1367 3026 Braud.
1381 2984 1391 3026 t

397 3086 462 3149 Τοῦ
490 3072 518 3147 d'
546 3087 671 3175 οὐρανοῦ
691 3087 759 3175 πέμ
788 3084 840 3150 καὶ
864 3091 926 3150 τῶν
947 3089 1064 3151 λοιπῶν
1083 3075 1227 3175 οὐδεμίαν
1257 3084 1304 3150 ἔτι
1323 3109 1390 3150 ποι-

398 3211 504 3269 οῦνται
533 3202 647 3296 μνείαν.
678 3191 827 3284 Ωσοιύτως
856 3195 886 3271 δ’
912 3196 983 3272 οὐδὲ
1018 3205 1046 3272 οἱ
1078 3204 1145 3298 περὶ
1177 3207 1386 3288 Σπεύσιππον,

397 3318 469 3394 οὐδὲ
499 3335 560 3395 τῶν
586 3323 687 3395 ἄλλων
727 3327 821 3407 οὐθεὶς
853 3331 932 3403 πλὴν
963 3329 1154 3422 Ξενοκράτης
1248 3333 1388 3421 πειρᾶται

398 3439 433 3513 δὲ
477 3448 529 3515 καὶ
561 3439 716 3530 Ἑστιαῖος
758 3453 846 3544 μέχρι
887 3452 1002 3537 τινὸς,
1038 3454 1096 3543 οὐχ
1131 3455 1232 3542 ὥσπερ
1274 3449 1388 3544 εἴρηται

396 3570 542 3663 περὶτῶν
561 3576 691 3664 πρώτων
709 3572 811 3666 μόνον.
832 3573 909 3642 Hoc
926 3587 1046 3644 tamen
1067 3570 1163 3642 idem
1182 3569 1387 3668 Theophra·
1496 3671 1497 3674 Ἴ

395 3694 472 3751 stus
482 3679 624 3769 ibidem,
638 3707 673 3780 p.
686 3683 767 3772 322,
778 3683 801 3753 l.
818 3707 853 3752 tt
873 3682 990 3773 addit,
1002 3707 1022 3756 a
1032 3686 1237 3782 Speusippo
1246 3682 1386 3756 bonum

396 3798 490 3866 circa
508 3796 636 3868 mundi
656 3797 830 3887 medium,
846 3813 971 3870 caetera
998 3798 1084 3869 hinc
1106 3797 1190 3869 inde
1208 3797 1245 3866 in
1272 3811 1387 3868 extre-

398 3921 465 3990 mis
485 3919 660 3992 collocata
674 3945 770 3992 esse:
792 3928 986 4004 Σπεύσιππος
1009 3921 1134 3994 σπάνιόν
1160 3949 1191 3991 τι
1221 3927 1258 3990 τὸ
1274 3921 1386 4015 Δτίμιον
1495 3953 1496 3982 ν
