3050 4760
714 399 744 460 'x
792 391 917 476 ,l24l

373 521 466 594 bene
488 518 621 592 habeat
636 547 644 588 τ
661 533 852 624 Θαυμαστὸν
871 526 899 600 δ’
912 495 1122 627 stromata
1140 537 1192 606 καὶ
1212 531 1302 612 ἅῖδίω
1318 543 1372 610 καὶ

373 654 617 750 αὐταρκεστάτῳ
636 657 724 738 τοῦτ’Ι
737 657 811 726 αὐτὸ
831 663 955 762 taphros
968 662 1026 750 οὐχ
1048 665 1090 738 ὡς
1107 659 1219 754 ἀγαθὸν
1239 662 1371 755 ὑπάρχει

371 782 410 848 τὸ
439 781 592 872 αὔταρκες
610 776 662 845 καὶ
684 782 702 851 ἡ
729 773 877 871 σωτηρία.
901 768 992 846 Atat
1024 784 1083 872 μὴν
1114 785 1148 848 οὐ
1176 774 1217 849 δι’
1238 779 1315 850 ἄλλο
1337 809 1371 850 τι

375 900 531 996 ἄφθαρτον
544 901 563 975 ἢ
581 893 663 968 διότι
673 899 703 966 εὖ
720 902 781 992 ἔχει
795 894 862 970 οὐδ’
877 900 1027 996 αὔταρκες
1042 887 1080 997 (h
1093 917 1134 963 e:
1155 899 1227 973 οὐδὲ
1244 897 1370 972 ‹h’ottto

370 1027 459 1090 ’ἐστὶν
479 1011 654 1116 αὔταρκες).
692 1034 695 1038 ’
792 1067 798 1076 -

420 1135 515 1205 6.Ex
526 1134 581 1207 his
593 1133 714 1204 obiter
722 1123 1107 1232 monehofarraginem
1115 1139 1368 1236 Definitionum
1459 1137 1460 1140 ’

375 1271 457 1342 quae
480 1245 548 1316 suh
566 1248 758 1343 Speusippi
783 1250 932 1321 nomine
953 1271 1026 1317 non
1048 1248 1161 1318 se'mel
1182 1247 1274 1318 edita
1298 1264 1371 1338 est,

316 1388 319 1393 ·
376 1365 580 1458 Speusippi,
595 1375 691 1431 certe
705 1375 874 1459 exparte,
890 1386 965 1432 non
985 1385 1061 1432 esse
1071 1361 1192 1432 videri.
1202 1361 1256 1432 lbi
1270 1367 1370 1433 enim

365 1473 528 1568 *legimus
548 1499 555 1541 :
583 1474 759 1576 Αὐτάρκεια
770 1537 779 1570 ,
791 1484 945 1571 τελειότης
964 1489 1101 1565 κτήσεως
1113 1487 1246 1580 ἀγαθῶν.
1259 1479 1371 1555 Etha-

377 1606 485 1694 μανία,
498 1607 619 1700 ,ἀγαθὸν
644 1611 678 1676 ἐκ
707 1607 831 1676 πάντων
857 1609 978 1704 ἀγαθῶν
1010 1610 1215 1707 συγκείμενον·
1245 1603 1371 1703 δύναμις

377 1729 531 1822 αὕταρκης
559 1733 635 1824 πρὸς
653 1731 689 1798 τὸ
713 1725 824 1830 εὖιζῇν,
848 1759 877 1800 κ.
896 1759 926 1800 τ.
943 1740 974 1799 λ.
991 1735 1085 1820 Θεὸς,
1108 1715 1184 1819 ζῷον
1204 1732 1371 1820 ἀθάνατον,

378 1853 524 1947 αὔταρκες
543 1855 616 1948 πρὸς
636 1843 840 1946 εὐδαιμονίαν.
867 1845 957 1934 Quae
989 1869 1119 1942 parum
1150 1869 1235 1916 ctlm
1258 1848 1374 1941 Speu-

377 1966 471 2061 sippi
496 1965 636 2063 placitis
662 1981 881 2062 congruunt.
904 1974 975 2036 Aut
1005 1973 1034 2038 si
1053 1971 1121 2038 ista
1147 1965 1375 2064 populariter
1420 1961 1423 1966 ’

377 2089 413 2145 et
433 2084 618 2185 ἐξωτερικῶς
638 2105 658 2150 a
677 2084 880 2178 Speusippo
904 2080 999 2150 dicta
1022 2075 1232 2152 existimare'
1243 2083 1374 2166 mavis,

378 2215 487 2272 certe·
496 2225 625 2298 parum
649 2201 694 2272 ad
718 2204 795 2296 ejus
825 2199 1063 2302 philosophiae
1085 2185 1258 2304 ‘notitiam
1284 2225 1375 2271 con-

375 2313 502 2386 ferent.

839 2565 901 2631 νι,
1039 2649 1040 2654 Ν

431 2817 458 2861 ι.
481 2795 533 2860 Ex
562 2790 617 2861 his
645 2816 725 2887 quae
753 2817 779 2862 s.
807 2797 867 2882 IV,
901 2790 1077 2877 diximus,
1104 2793 1374 2890 Speusippum,

375 2918 571 3002 postquam
586 2908 709 2973 Unum
720 2929 830 3000 supra
844 2927 993 2974 omnem
1013 2915 1216 2988 ἐναντιότητα
1234 2917 1373 2974 statue·

376 3042 447 3114 rat,
471 3031 590 3097 statim
609 3024 722 3112 infra,
737 3050 852 3125 unum
876 3040 913 3098 et
927 3025 1198 3097 multitudinem
1219 3029 1317 3096 inter
1336 3049 1375 3097 se

375 3145 555 3212 contraria
569 3144 732 3237 posuisse
746 3154 905 3226 constat3
918 3143 956 3210 in
970 3165 1014 3211 eo
1030 3163 1178 3237 quoque
1191 3165 1211 3210 a
1222 3139 1374 3212 Platone

374 3253 598 3352 digressum,
612 3253 656 3324 ad
671 3253 928 3350 Pythagoricos
945 3255 1140 3353 relapsum.

421 3368 668 3464 Pythagoricis
691 3371 789 3438 enim
821 3393 943 3438 rerum
978 3373 1171 3442 essentiam
1195 3371 1269 3439 sive
1295 3367 1374 3439 for-

373 3504 470 3550 mam
504 3485 541 3549 in
579 3505 674 3565 uno,
699 3485 885 3552 materiam
921 3498 1043 3554 autem
1069 3487 1105 3552 in
1137 3481 1372 3554 multitudine

371 3591 562 3670 indefinita
580 3618 656 3666 esse
674 3594 876 3692 placuerat;
890 3598 1049 3688 Platoni,
1064 3602 1105 3667 in·
1118 3595 1371 3686 unoformam,

372 3712 558 3779 materiam
595 3713 632 3778 in
667 3707 855 3780 indefinita
886 3711 1000 3808 dyadc
1029 3715 1151 3808 magni
1184 3725 1221 3781 et
1256 3717 1369 3808 parvi.

371 3824 511 3895 Scilicet
525 3823 807 3921 Pythagoricum
821 3825 1009 3932 infinitum!
1021 3826 1121 3924 quod
1136 3826 1236 3898 velut
1250 3851 1372 3900 unum
