3050 4760
558 367 689 442 1(³3)

49 566 51 570 .
155 508 278 606 ἀγαθὸν)
296 507 369 578 εἶναι
391 512 428 578 τὸ
442 509 489 593 δν,
509 508 562 584 ἢεί
581 514 622 614 μὴ
642 517 754 593 τοῦτο,
778 509 934 602 στοιμμῖόνΙ
946 529 979 576 τι
994 509 1045 578 καὶ
1063 534 1146 588 στοι-

153 643 232 726 χεῖσν
246 635 394 729 οἱμιθμῶν,
409 625 571 701 ἀδύνατον.
595 613 756 725 {epitrito
776 629 834 724 γὰρ
852 638 949 708 πολλὴ
970 624 1148 724 δυσχέρεια,
1218 731 1224 740 0

152 760 187 834 ἢν
205 761 274 826 ἔνιοί
294 758 455 850 φεύγοντες
475 757 685 850 ἀπειρήκασιν,
702 753 730 822 οἳ
749 754 787 821 τὸ
805 753 833 821 ἓν
858 756 912 848 μὲν
930 762 1152 849 ὁμολογοῦντες

152 882 249 973 ἀρχὴν
267 867 340 945 εἶναι
362 881 488 972 πρώτην
504 879 556 946 καὶ
568 885 728 970 στοιχεῖον,
746 879 948 972 τοῢισὶμιθμοῦ
966 872 1002 947 δὲ
1021 889 1075 946 τοῦ
1097 903 1154 976 μαῇ

43 978 45 982 ’
150 1004 334 1094 omme,
359 993 396 1084 Si
416 995 512 1060 enim
538 989 625 1060 ideae
650 992 795 1062 numeri
816 1005 952 1074 essent,
977 989 1057 1060 fore
1074 1015 1154 1060 sen·

153 1126 313 1183 seratut
332 1111 472 1182 honum
498 1137 726 1210 unaquaeque
747 1130 839 1186 esset
861 1103 1000 1198 unitae,
1030 1127 1064 1182 et
1093 1111 1155 1182 ab·

137 1221 263 1297 'surda
276 1225 441 1322 quaedam
451 1224 553 1296 fieret
567 1223 752 1297 bonorum
766 1229 940 1312 luxuries,
959 1223 1042 1293 ἰδία.
1052 1225 1075 1294 l.
1093 1251 1151 1320 29.
1194 1287 1203 1304 ‚

154 1345 282 1435 Itaque
299 1364 371 1436 qua
392 1343 531 1410 ratione
550 1344 674 1409 Unum
687 1329 828 1410 bonurn
850 1364 927 1410 esse
942 1353 1151 1433 negaverat,

155 1453 278 1525 eadem
297 1477 446 1550 prorsus
465 1453 585 1524 nullos
605 1456 673 1524 nisi
698 1456 973 1526 mathematicos
999 1451 1046 1523 ab
1068 1457 1166 1548 Unox

156 1571 243 1638 oriri
262 1591 435 1638 numeros
454 1571 677 1665 Speusippus
694 1567 862 1639 decrevit.

202 1683 315 1777 Igitur
338 1695 410 1750 tres
427 1683 625 1777 praecipuas
647 1680 918 1760 Platonicorum
939 1681 984 1751 de
1009 1679 1097 1750 ideis
1117 1695 1153 1750 et

155 1799 316 1866 numeris
346 1797 543 1864 sententiis
580 1818 623 1863 eo
658 1792 738 1891 ipso
776 1792 903 1864 ordine
927 1809 1036 1889 quem
1059 1807 1154 1862 'tem-

153 1933 287 2006 porum
311 1912 404 1977 ratio
435 1906 659 2002 postulabat,
694 1921 736 1977 ut
759 1930 825 2004 par
851 1920 943 2012 erat,
966 1930 1153 1976 enumera-

153 2027 205 2093 vit
232 2020 459 2107 Aristoteles3
492 2020 632 2090 Platoni
665 2024 824 2117 primum
857 2020 998 2104 locum,
1023 2044 1151 2090 secun·

154 2135 242 2206 dum
261 2138 483 2232 Speusippo,
501 2135 695 2202 Xenocrati
714 2139 861 2202 tertium
882 2132 1056 2204 tribuens.
1077 2134 1151 2202 Nec

157 2252 255 2320 enirn
269 2271 427 2343 usquam
443 2246 490 2318 ab
511 2246 640 2317 ordine
661 2248 731 2316 isto
747 2245 899 2318 decedit.

205 2359 237 2432 5.
263 2364 352 2451 Quae
375 2384 490 2456 quum
516 2363 567 2429 ita
584 2363 674 2449 sint,
699 2383 773 2428 non
793 2360 912 2429 sotum
932 2358 1065 2430 ideales
1082 2386 1151 2430 nu·

155 2498 287 2562 meros,
303 2473 363 2544 sed
377 2474 474 2544 ideas
494 2476 645 2544 omnino
658 2497 677 2542 a
689 2477 892 2571 Speusippo
907 2469 1057 2568 rejectas
1076 2477 1151 2546 esse

153 2613 175 2658 e
188 2587 694 2685 pluribusMetaphysicorum
704 2585 921 2685 locis'palam
937 2603 1008 2675 est3
1024 2587 1151 2675 txllt,

154 2725 185 2772 c.
206 2701 246 2787 8,
271 2726 306 2800 p.
336 2701 422 2797 278,
446 2701 471 2769 l·
500 2725 541 2768 10
559 2711 662 2782 ἱἘίσὶ
680 2703 707 2774 δ’
722 2709 807 2778 οὗτοι
824 2713 891 2776 ὅσοι
911 2704 994 2788 ἰδέας
1017 2715 1070 2804 μὲν
1096 2718 1152 2780 οὐκ

155 2833 273 2904 οἴονται
294 2831 372 2900 εἶναι
389 2834 459 2899 οὔτε
484 2833 589 2908 ἁπλῶς
608 2832 679 2896 οὔτε
700 2837 740 2907 ὡς
765 2830 908 2921 ἀριθμούς
937 2856 1022 2910 τινας
1044 2835 1151 2917 οὔσας,

154 2960 197 3028 τὰ
217 2952 254 3027 δὲ
273 2953 565 3052 μαδηματικδισῖναι
584 2957 642 3025 ’καὶ
669 2957 741 3036 τοὺς
765 2957 908 3051 ἀριθμοὺς
932 2959 1073 3052 πρώσσυς
1090 2972 1150 3028 τῶν

155 3083 265 3170 ὄντων,
284 3081 335 3150 καὶ
349 3083 444 3176 ἀρχὴν
468 3085 569 3150 αὐτῶν
587 3077 661 3146 εἶναι
685 3081 759 3148 αὐτὸ
774 3082 811 3147 τὸ
827 3083 866 3148 ἔν.
889 3075 930 3140 C·
951 3069 982 3161 5,
1003 3096 1038 3170 p.
1063 3074 1151 3169 271,

162 3199 184 3268 i.
209 3193 265 3266 23·
288 3204 328 3271 Oi
344 3205 397 3296 μὲν
412 3201 452 3271 τὰ
469 3201 675 3295 μαθηματικὰ
692 3200 742 3267 καὶ
763 3201 983 3293 μαθηματικῶς
998 3207 1151 3293 λέγουσιν,

156 3335 224 3398 ὅσοι
241 3333 283 3420 μὴ
292 3296 410 3396 ποιοῦσι
428 3324 484 3406 τὰς
503 3318 585 3424 ἰδέας
606 3325 749 3416 ἀριθμοὺς
765 3315 845 3414 μηδὲ
860 3319 1036 3412 εἶναίφασιν
1055 3315 1150 3402 ἰδέας.

156 3446 196 3512 C.
212 3465 249 3536 9,
268 3463 303 3535 p·
321 3435 410 3520 285‚
426 3437 449 3527 l
466 3435 531 3540 263
547 3449 588 3516 Oi
615 3445 667 3539 μὲν
691 3443 748 3540 γὰρ
774 3444 815 3512 τὰ
840 3443 1041 3537 μαθηματικὰ
1060 3445 1159 3538 μόνον

157 3583 315 3650 ποιοῦντες
342 3569 426 3665 παρὰ
450 3569 491 3637 τὰ
515 3567 665 3653 αἰσθητὰ,
692 3573 818 3662 ὁρῶντες
846 3573 902 3644 τὴν
926 3568 994 3662 περὶ
1021 3569 1062 3636 τὰ
1085 3563 1150 3643 εἴδη

159 3691 337 3789 δυσχέρειαν
367 3695 418 3761 καὶ
445 3692 569 3779 πλάσιν,
599 3692 777 3764 ἀπέστησαν
817 3691 877 3756 ἀπὸ
913 3701 967 3758 τοῦ
999 3681 1153 3776 εἰδητικοῦ

1014 3814 1028 3862 ³
