3050 4760
611 503 708 580 (³⁷)

171 644 304 710 minori
326 635 368 708 ad
387 635 521 730 majus,
541 639 645 707 sicet
664 640 759 707 inter
771 660 809 706 se
828 615 974 708 exiensa
990 637 1164 729 diaulus,

169 758 220 824 sic
245 752 392 823 demum
411 749 478 820 alia
500 748 577 820 aliis
598 753 773 848 principia
787 763 1020 823 extensurum
1040 775 1164 823 causas

171 891 248 938 esse
265 861 501 962 significabat.

219 1007 252 1049 2.
274 980 498 1076 Speusippus
519 993 646 1048 contra
671 991 751 1048 tum
776 1003 967 1069 numeros,
991 993 1070 1050 tum
1093 1004 1165 1049 nra·

169 1092 395 1191 gnitudines‚
411 1095 485 1162 sive
503 1090 807 1180 extensa‚deinde
823 1097 1005 1182 animum,
1025 1108 1164 1191 postre·
1276 1129 1278 1136 ·

170 1233 249 1297 ruo,
264 1221 307 1276 ut
329 1231 348 1276 e
366 1211 449 1276 Met.
467 1193 611 1296 xlv,'3,
629 1231 663 1303 p.
680 1206 762 1302 298,
776 1206 799 1275 l.
819 1205 876 1294 30,
894 1221 1062 1304 apparet,
1082 1232 1162 1279 cor·

169 1346 257 1420 pora
275 1319 441 1392 sensibus
460 1321 635 1414 subjecta,
650 1320 696 1391 ab
718 1324 797 1418 ipso
812 1324 932 1391 statim
946 1324 1047 1410 Uno,
1062 1320 1163 1393 nullo

169 1439 384 1533 interposito
411 1432 548 1521 medio,
573 1432 796 1504 ordiebatur.
812 1435 1033 1530 Quanquam
1053 1435 1165 1529 igitur

169 1573 343 1620 numeros
369 1551 488 1646 prima
511 1553 653 1619 entium
669 1572 762 1619 .esse
786 1545 945 1637 dicebat,
980 1573 1052 1617 non
1080 1547 1163 1620 ideo

169 1678 302 1754 tumen,
312 1677 356 1733 ut
364 1664 478 1751 Plato,
490 1687 617 1733 causas
628 1687 690 1733 eos
701 1660 844 1732 dicebat
853 1685 940 1732 esse.
955 1667 1064 1733 Recte
1081 1667 1161 1759 qui·

169 1777 270 1866 den13
290 1801 366 1873 quo
381 1781 477 1847 enirn
492 1791 600 1874 pacto
617 1799 723 1848 causa
739 1779 785 1844 sit
798 1779 942 1846 numeri
961 1776 1067 1872 plane
1087 1801 1161 1845 ma·

169 1898 355 1971 thematici
368 1897 547 1968 inanitas?
560 1901 644 1965 Met.
655 1899 748 1984 XIV,
760 1923 793 1987 2,
810 1919 846 1992 p.
858 1920 941 1993 297,
959 1895 981 1965 l.
996 1895 1016 1965 8
1031 1923 1039 1964 :
1057 1903 1163 1966 Τοιοῦ-

168 2051 220 2104 τος
247 2024 406 2117 ἀριθμὸς...
437 2022 472 2113 τί
487 2029 551 2101 τοῖς
575 2018 679 2100 ἄλλοις
705 2025 910 2114 χρήσιμος...
934 2023 1005 2090 οὔτε
1023 2023 1163 2114 φαίνεται

168 2147 209 2215 ὧν
227 2145 333 2226 αἴτιος.

215 2261 337 2350 Quare
355 2283 422 2330 nec
438 2257 613 2329 omnibus
626 2263 764 2330 entium
778 2257 971 2354 generibus
985 2261 1162 2355 principia

167 2375 294 2446 eadem
313 2397 389 2444 esse
407 2377 630 2472 Speusippus
652 2373 813 2460 volebat,
843 2373 905 2443 sed
929 2377 1061 2468 cuique
1085 2395 1159 2442 sua.

168 2488 343 2578 Quamvis
365 2493 463 2558 enirn
482 2511 527 2558 eo
544 2489 624 2585 ipso
643 2486 741 2557 unde
755 2511 958 2557 sermonem
971 2485 1072 2557 hunc
1088 2488 1161 2556 orsi

59 2592 65 2602 '
167 2625 293 2672 surnus
306 2601 388 2674 loco
408 2601 445 2672 id
467 2603 512 2673 de
525 2601 700 2672 alterutro
714 2615 856 2672 tantum
870 2605 1068 2700 principio,
1087 2600 1162 2670 sive

167 2713 342 2785 materiali
358 2719 432 2784 sive
448 2712 606 2798 formali,
621 2717 862 2810 Speusippum
882 2713 1074 2783 credidisse
1087 2715 1163 2780 Ari-

166 2837 315 2909 stoteles
326 2835 527 2932 significare
541 2836 717 2925 videatur,
733 2860 848 2934 quum
874 2834 971 2907 dicat
981 2835 1076 2930 ἀρχὰς
1090 2833 1161 2904 ἐκοί-

165 2987 243 3046 στης
254 2959 356 3041 οὐσίας
369 2957 479 3036 uim
491 2962 661 3050 wude
672 2976 833 3058 utroque
845 2976 966 3033 tamen
981 2962 1162 3058 accipien-

164 3071 253 3146 dum
268 3095 345 3144 esse
355 3072 513 3144 ostendit
522 3075 625 3146 locus
638 3075 728 3147 alter
738 3081 821 3146 Met.
837 3080 919 3165 XII,
929 3100 964 3173 p.
979 3073 1093 3163 258,1.
1108 3100 1165 3165 ια,

164 3195 292 3270 eodem
317 3194 508 3268 manifesto
529 3203 741 3296 pertinens:
763 3203 791 3268 οἱ
808 3193 843 3274 u
855 3206 1001 3292 λέγοντες
1017 3202 1071 3267 τὸν
1096 3201 1165 3294 apd

165 3323 222 3415 μὸν
243 3331 364 3414 πρῶτον
392 3323 446 3390 τὸν
465 3324 680 3415 μαθηματικὸν
698 3323 751 3392 καὶ
772 3329 869 3401 οὕτως
896 3319 945 3390 ἀεὶ
974 3318 1069 3395 ἄλλην
1088 3325 1161 3414 ἑχο-

163 3449 255 3538 μένην
289 3444 393 3513 οὐσίαν
423 3445 475 3512 καὶ
505 3444 602 3538 ἀρχὰς
634 3443 765 3526 ἑκάστης
786 3443 883 3526 ἄλλας
907 3473 938 3516 s·
965 3473 995 3514 τ.
1017 3452 1049 3514 λ.
1076 3445 1166 3532 Quu

164 3555 310 3653 quidem
334 3555 416 3627 loco
440 3556 645 3629 notandum
665 3573 720 3631 est
744 3583 765 3632 a
791 3562 992 3657 Speusippo
1018 3581 1161 3646 revera,

163 3683 206 3740 ut
233 3670 318 3739 satis
350 3682 456 3739 antea
482 3668 828 3768 demonstravimus,
859 3671 1158 3741 mathematicum

163 3806 355 3856 numerum
375 3784 535 3881 primurn
554 3789 796 3858 constitutum
815 3783 938 3856 fuisse.

213 3895 443 3969 &itatamen
459 3923 699 3972 numerorum
709 3897 1080 3998 magnitudinumque
1093 3897 1159 3967 ulia
