3050 4760
821 407 918 484 (1⁰)

373 547 538 642 genitrici
569 565 690 612 rerum
718 564 833 612 causae
863 544 1089 637 principatus
1119 539 1366 616 exceltentiam

373 655 558 743 tribuisse3
572 678 640 726 nec
654 654 767 741 aliter,
781 659 948 724 intereos
964 656 1029 749 qui
1045 668 1170 750 postea
1191 659 1369 753 sopientes

374 787 411 842 et
445 769 546 841 suere
571 784 607 840 et
634 767 750 838 habiti
775 781 879 856 sunt,
899 765 1159 864 Empedoclem
1180 771 1370 866 Anaxago·

376 908 545 981 remque,
565 907 726 979 quorum
750 881 809 951 iile
834 883 1015 968 amicitiae,
1030 879 1090 951 hic
1112 886 1224 952 menti
1242 881 1370 954 tribuit

378 1000 547 1097 principii
568 1012 699 1094 partes.
714 999 849 1066 Omnes
872 1009 998 1066 contra
1020 1019 1132 1091 quam
1148 998 1370 1094 Speusippus

377 1112 702 1198 fecit‚fecisse.Hoc
715 1126 769 1182 est
783 1114 881 1180 enim
894 1108 994 1206 quod
1006 1109 1075 1180 sibi
1089 1110 1169 1180 vult
1178 1109 1371 1207 praeclarus

376 1227 478 1298 locus
520 1249 631 1323 quem
678 1230 862 1322 integrum
905 1222 1170 1313 describemus3
1204 1223 1297 1296 libro
1335 1241 1373 1297 et

334 1392 339 1402 ·
376 1353 496 1448 capite
512 1349 653 1435 laudd.,
680 1374 716 1447 p.
735 1349 824 1435 301,
844 1347 867 1417 l.
884 1349 925 1418 5:
947 1351 988 1417 Oi
1007 1341 1043 1416 ii
1061 1349 1186 1423 ποιηταὶ
1203 1349 1232 1417 οἱ
1249 1351 1372 1444 ἀρχαῖοι

377 1478 476 1567 ταύτῃ
511 1474 679 1568 ὁμοίωςμ]7
702 1474 868 1560 βασιλεύειν
898 1474 949 1540 καὶ
983 1468 1086 1566 ἄρχειν
1117 1472 1208 1565 φασὶν
1237 1477 1272 1541 ού
1301 1475 1372 1554 τοὺς

377 1602 532 1691 πρώτους,
556 1593 617 1665 οἷον
645 1600 758 1666 Νύκτα
781 1597 833 1664 καὶ
858 1598 993 1693 Οὐρανὸν
1023 1595 1042 1666 ἢ
1069 1595 1156 1675 Χάος
1183 1584 1374 1685 institueris,

378 1721 458 1789 οἲιλὰ
473 1724 532 1792 ,τὸν
551 1720 621 1788 Δία.
642 1726 689 1791 ot
703 1727 763 1814 μὴν
784 1720 865 1788 ἀλλὰ
902 1723 1023 1799 τούτοις
1040 1721 1093 1812 μὲν
1113 1713 1203 1787 διὰτὸ
1222 1715 1374 1812 μιταύοῒλ-

377 1851 439 1912 λειν
458 1847 528 1924 τοὺς
547 1841 702 1940 ἄρχοντας’
723 1853 783 1913 τῶν
812 1844 908 1912 ὄντων
928 1838 1088 1936 συμύαίνιι
1111 1853 1240 1912 τοιαῦτα
1262 1847 1374 1938 λέγειν,

377 1984 442 2053 ἐπεὶ
479 1987 509 2053 οἵ
540 2011 576 2080 γι
614 1989 793 2080 μεμιγμένοι
829 1989 930 2051 αὐτῶν
965 1983 1017 2050 καὶ
1051 1969 1259 2080 [delendum
1286 1970 1375 2080 unii]

378 2120 423 2196 τῷ
447 2113 488 2201 μὴ
510 2110 642 2200 μυθικῶς
663 2109 789 2176 ἅπαντα
809 2111 919 2202 λέγειν,
936 2105 996 2174 οἷον
1016 2098 1188 2200 Φερεκύδης
1211 2108 1261 2173 καὶ
1279 2109 1377 2202 ἕτεροί

379 2257 475 2312 τινες,
494 2232 531 2297 τὸ
548 2242 693 2324 γεννῆσαν
707 2243 828 2326 πρῶτον
851 2229 976 2323 ἄριστον
999 2231 1129 2316 τιθέασι,
1144 2230 1196 2296 καὶ
1212 2229 1239 2296 οἱ
1253 2231 1372 2325 Μάγοι,

378 2352 431 2420 καὶ
458 2359 519 2420 τῶν
550 2355 681 2448 ὑστέρων
708 2345 875 2446 δὲσοφῶν
923 2349 984 2420 οἷον
1016 2339 1224 2446 Epetium<
1253 2378 1288 2420 τε
1323 2354 1388 2422 καὶ·

379 2465 596 2569 Ᾰναξαγύρας,
625 2482 641 2543 ὁ
667 2479 720 2569 μὲν
739 2484 795 2555 τὴν
821 2476 923 2568 φιλίαν
948 2483 1110 2570 στοιχεῖον,
1134 2481 1151 2542 ὁ
1180 2467 1215 2544 δὲ
1234 2481 1286 2544 τὸν
1306 2487 1375 2546 νοῦν

378 2599 477 2692 ἀρχὴν
500 2603 641 2679 ποιήσας.

427 2716 565 2782 Verum
600 2711 802 2785 bonitatem
837 2737 1018 2784 summam
1046 2711 1377 2806 pulchritudinem·

382 2848 455 2920 que
486 2840 625 2902 veteres
654 2842 768 2923 poetae
794 2830 832 2898 in
856 2834 944 2898 Jove
977 2843 1189 2927 posuerant3
1210 2830 1379 2924 Speusip·

382 2962 470 3032 pus,
487 2943 525 3008 in
546 2939 758 3027 mundanis,
788 2940 1043 3036 progrediente
1064 2968 1106 3014 ac
1127 2943 1241 3014 veluti
1265 2940 1378 3037 expli·

382 3064 488 3118 cante
517 3075 555 3119 se
590 3075 712 3121 rerum
750 3065 901 3141 natura,
942 3055 1164 3126 manifestari
1210 3053 1377 3124 docebat.

381 3164 502 3250 Quam
535 3163 681 3259 quidem
714 3171 948 3254 sententiam,
991 3182 1034 3239 ut
1078 3168 1198 3240 obiter
1219 3166 1377 3257 dicam,

381 3275 482 3346 hisce
505 3281 759 3349 recentissimis
791 3279 1019 3375 temporibus
1043 3306 1192 3378 prorsus
1212 3285 1380 3352 renovari

360 3440 363 3448 .
384 3386 551 3460 vidimus.
575 3396 702 3486 Itaque
733 3391 776 3464 ad
796 3398 1057 3491 Speusippum,
1087 3401 1117 3468 si
1146 3394 1235 3491 quid
1256 3393 1379 3486 vide0,

386 3501 550 3597 respicit,
579 3508 661 3572 Met.
679 3509 749 3590 XI,
784 3528 848 3595 ιο,
874 3511 970 3596 init,
998 3503 1231 3580 Aristoteles:
1252 3520 1378 3578 utrum

275 3619 279 3629 ’
386 3638 571 3690 summum
586 3615 747 3702 bonum,
762 3635 799 3697 et
810 3628 946 3723 ἄριστον,
961 3626 1120 3694 universi
1135 3637 1264 3693 natura
1280 3635 1380 3694 extra

387 3763 425 3809 se
453 3752 494 3808 ut
518 3763 634 3809 unum
661 3739 751 3836 quid
776 3767 842 3840 per
862 3768 900 3814 se
927 3769 967 3816 ac
991 3759 1198 3843 separatum
1228 3745 1379 3835 habeat,

389 3877 434 3923 an
468 3856 506 3924 in
538 3852 665 3926 ordine
709 3881 797 3948 suo,
826 3861 1062 3955 interrogans.
1088 3864 1185 3948 Imo,
1214 3860 1381 3955 subjicit,
